1690 2656
285 155 366 196 188
730 153 834 187 ARS
866 151 1168 187 AMATORIA.

341 248 479 289 Eheu!
513 263 640 302 quam
672 247 831 288 multos
866 247 1027 287 advena
1058 247 1186 287 torsit
1216 247 1367 287 Amor!

283 306 412 359 Ecce,
443 310 566 360 parat
599 306 774 359 Caesar,
806 305 968 346 domito
1003 306 1115 358 quod
1147 304 1282 345 defuit
1314 305 1425 359 orbi,

342 365 525 404 Addere:
558 378 690 418 nunc,
722 362 871 404 Oriens
904 363 1072 417 ultime,
1102 366 1250 404 noster
1281 363 1375 404 eris.

283 422 458 475 parthe,
490 421 610 462 dabis
642 436 819 475 poenas:
851 419 995 462 Crassi
1029 421 1207 476 gaudete
1241 420 1396 475 sepulti

214 493 264 518 180
345 479 558 534 Signaque
590 480 835 521 barbaricas
867 494 955 520 non
986 480 1092 520 bene
1123 494 1250 533 passa
1282 480 1448 520 manus!

283 537 411 578 Ultor
443 538 578 578 adest:
610 537 844 592 primisque
877 538 1025 579 ducem
1057 539 1283 592 profitetur
1313 537 1357 578 in
1389 537 1510 578 annis

342 596 545 649 Bellaque
576 610 664 636 non
694 610 826 650 puero
859 599 1018 637 tractat
1050 597 1213 651 agenda
1243 610 1358 650 puer.

283 653 451 694 Parcite
482 654 647 695 natales
680 654 819 695 timidi
850 668 1073 695 numerare
1106 655 1297 695 deorum:

344 710 598 753 Caesaribus
629 712 765 753 virtus
799 712 982 767 contigit
1015 716 1111 753 ante
1145 712 1266 753 diem.

214 784 264 809 185
283 769 510 824 Ingenium
543 771 723 812 caeleste
757 771 843 811 suis
876 771 1063 812 velocius
1096 771 1216 811 annis

344 827 492 883 Surgit
525 832 567 869 et
597 829 778 883 ignavae
809 829 893 869 fert
926 829 1034 870 male
1067 829 1220 869 damna
1251 843 1411 869 morae:

284 886 446 927 Parvus
479 890 570 927 erat
602 888 883 941 manibusque
916 888 1021 928 duos
1054 886 1304 941 Tirynthius
1337 900 1496 941 angues

342 944 506 986 Pressit
537 949 579 985 et
609 945 654 986 in
687 946 805 986 cunis
838 945 924 986 iam
956 945 1056 986 Iove
1089 945 1242 1000 dignus
1275 948 1383 999 erat,

285 1002 409 1044 Nunc
437 1017 603 1057 quoque
631 1003 703 1057 qui
729 1018 833 1057 puer
859 1018 921 1057 es,
947 1006 1131 1056 quantus
1157 1007 1262 1056 tum,
1287 1002 1466 1056 Bacche,
1491 1002 1626 1056 fuisti,

216 1075 265 1100 190
344 1060 452 1102 Cum
483 1061 630 1101 timuit
661 1061 832 1115 thyrsos
865 1061 988 1102 India
1018 1061 1131 1102 victa
1163 1061 1290 1102 huos‘?

285 1119 503 1173 Auspiciis
532 1119 768 1184 animisque
799 1120 952 1173 patris,
983 1134 1106 1174 puer,
1137 1134 1254 1160 011110
1286 1119 1496 1173 movebis,

344 1178 402 1218 Et
433 1177 575 1218 vinces
609 1178 761 1218 animis
795 1177 1079 1231 auspiciisque
1113 1177 1264 1231 patris:

285 1235 385 1276 Tale
417 1236 706 1276 rudimentum
732 1239 852 1276 tanto
886 1236 964 1276 sub
996 1235 1168 1276 nomine
1200 1236 1347 1290 debes,

343 1293 384 1334 N
388 1308 469 1334 unc
499 1293 701 1334 iuvenum
732 1293 947 1347 princeps,
979 1294 1126 1334 deinde
1158 1293 1301 1334 fulsure
1334 1308 1500 1348 senum,

216 1365 265 1390 195
288 1349 395 1392 Cum
427 1351 507 1392 tibi
534 1352 620 1392 sint
651 1352 824 1406 fratres,
855 1352 1008 1392 fratres
1041 1352 1244 1393 ulciscere
1275 1352 1414 1392 laesos

344 1408 535 1463 Cumque
567 1413 689 1463 pater
720 1410 802 1450 tibi
835 1410 908 1464 sit,
939 1411 1032 1450 iura
1063 1414 1182 1451 tuere
1214 1410 1366 1463 pat-ris!

285 1467 430 1508 Induit
463 1483 580 1508 arma
611 1468 692 1508 tibi
725 1468 893 1523 genitor
923 1468 1171 1522 pabriaeque
1204 1472 1406 1522 tuusque,

343 1525 493 1566 Hostis
527 1527 579 1566 ab
611 1526 747 1567 invito
780 1541 911 1581 regna
942 1530 1117 1580 parente
1148 1526 1278 1580 rapit:

285 1583 347 1623 Tu
379 1584 451 1637 pia
482 1584 567 1625 tela
598 1584 727 1638 feres,
759 1585 985 1625 sceleratas
1016 1585 1087 1625 ille
1121 1585 1319 1639 sagit-tas,

215 1656 265 1680 200
346 1640 488 1683 Stabit
519 1656 596 1696 pro
630 1643 763 1697 signis
795 1643 947 1695 iusque
978 1643 1179 1696 piumque
1211 1642 1308 1683 tuis.

284 1699 526 1741 Vincuntur
559 1715 686 1741 001100
717 1700 886 1754 Parthi,
917 1701 1112 1741 vieantur
1144 1704 1186 1740 015
1219 1700 1364 1741 armis!

343 1758 457 1799 ans
489 1757 615 1799 Latio
649 1759 733 1799 dux
764 1773 882 1799 meus
916 1759 1042 1799 addat
1075 1759 1192 1812 opes!

284 1815 484 1869 Marsque
515 1820 637 1871 pater
669 1815 907 1870 Caesarque
939 1820 1079 1871 pater,
1113 1817 1209 1857 date
1240 1831 1397 1857 numen
1429 1816 1564 1857 eunti!

343 1873 456 1915 Nam
488 1875 589 1915 deus
622 1889 643 1915 e
675 1875 797 1915 vobis
830 1875 938 1915 alter
970 1890 1036 1929 00,
1067 1875 1174 1916 alter
1206 1875 1299 1915 eris.

215 1945 264 1970 205
286 1931 506 1986 Auguror,
538 1947 608 1987 011,
638 1933 798 1974 vinces:
830 1933 1058 1986 votivaque
1091 1933 1279 1975 carmina
1310 1933 1500 1987 reddam,

344 1990 401 2030 Et
433 2005 589 2045 magno
621 1991 746 2032 nobis
780 2005 850 2032 ore
884 1992 1097 2032 sonandus
1131 1991 1223 2032 eris.

286 2047 504 2089 consistes
538 2049 754 2103 aciemque
787 2049 891 2090 meis
923 2049 1150 2090 hortabere
1182 2049 1340 2089 verbis:

345 2106 379 2146 O
414 2106 552 2147 desint
584 2107 736 2148 animis
768 2122 820 2148 ne
852 2122 946 2148 mea
979 2108 1107 2148 verba
1138 2107 1240 2147 tuis!

286 2164 507 2218 Tergaque
538 2164 796 2206 Parthorum
828 2165 1106 2219 Romanaque
1138 2168 1312 2219 pectora
1345 2165 1481 2206 dicam

215 2235 265 2259 210
344 2222 546 2276 Telaque,
579 2223 630 2263 ab
664 2238 811 2264 averso
846 2238 951 2277 quae
983 2224 1085 2264 iacit
1116 2223 1253 2264 hostis
1285 2237 1405 2276 equo.

286 2280 365 2328 Qui
397 2280 531 2334 fugis,
561 2284 609 2321 ut
640 2281 803 2336 vincas,
834 2282 935 2335 quid
965 2282 1097 2334 victo,
1128 2281 1305 2335 Parthe,
1334 2281 1568 2335 relinquis?

342 2337 518 2393 Parthe,
549 2338 709 2379 malum
740 2339 826 2379 iam
857 2354 968 2381 nunc
1000 2339 1115 2380 Mars
1147 2342 1246 2380 tuus
1280 2354 1403 2380 omen
1433 2339 1572 2380 habet.
