1674 2662
582 128 645 172 ΙΙΙ,
671 140 695 171 1,
721 138 864 171 22—11‚
891 138 934 163 24.
1104 138 1107 139 ’
1371 129 1424 168 47

86 223 231 265 Prima
263 227 361 265 tuae
394 223 508 264 movi
540 223 681 264 felicia
714 223 876 264 semina
909 223 1080 264 mentis:

34 294 68 320 60
145 281 300 323 Munus
332 282 484 336 habes,
516 282 629 335 quod
660 285 702 322 te
734 281 821 322 iam
851 281 960 336 petit
991 281 1092 335 ista,
1124 280 1294 323 meum?

85 337 299 392 Desierat3
337 339 457 393 coepi
496 339 585 394 ‘per
624 354 699 380 vos
731 342 956 393 utramque
987 354 1209 395 rogamus,

147 397 198 438 In
228 411 383 438 vacuas
417 412 538 439 aures
570 398 700 439 verba
731 398 922 439 timentis
956 402 1065 439 eant.

86 455 236 496 Altera
267 470 333 496 me
366 458 535 510 sceptro
568 456 742 497 decoras
775 456 945 511 altoque
979 456 1206 498 cothurno:

145 513 237 554 Iam
268 528 379 555 nunc
413 517 610 555 contacto
643 528 823 569 magnus
855 514 901 555 in
933 529 1004 555 ore
1039 529 1186 569 sonus,

34 583 66 609 65
87 571 235 613 Altera
268 571 341 613 das
373 575 522 613 nostro
554 572 767 614 victurum
798 587 955 614 nomen
986 573 1138 614 amori:

145 630 264 685 Ergo
297 630 395 671 ades
428 634 471 671 et
501 630 641 686 longis
674 631 868 672 versibus
900 631 1004 672 adde
1035 632 1193 673 brevis!

86 688 304 743 Exiguum
334 688 422 729 vati
455 689 654 743 concede,
685 689 940 744 Tragoedia,
971 692 1158 744 tempus:

145 746 208 787 Tu
238 746 362 788 labor
394 750 607 802 aeternus3
640 748 753 801 quod
783 748 892 802 petit
922 748 1015 802 illa,
1045 747 1243 789 brevest?

86 803 207 845 Mota
238 804 352 846 dedit
384 806 568 846 veniam:
601 806 737 846 teneri
767 810 1050 860 properentur
1071 807 1269 861 Amores,

34 874 68 899 το
146 862 260 904 Dum
291 867 432 918 vacat,
465 878 488 904 a
519 867 641 919 tergo
675 864 877 919 grandius
909 867 1065 919 urguet
1098 879 1215 918 opus.

27 978 202 1021 H.‘Non
234 993 313 1035 ego
344 979 555 1020 nobilium
588 980 712 1021 sedeo
745 980 962 1020 studiosus
995 994 1216 1034 equorum:

146 1036 224 1079 Cui
256 1042 401 1079 tamen
430 1037 524 1092 ipsa
554 1037 691 1092 faves,
721 1038 865 1079 vincat
896 1041 944 1079 ut
974 1038 1066 1092 ille,
1097 1053 1258 1092 precor.

86 1095 147 1137 Ut
177 1096 373 1150 loquerer
404 1099 565 1151 tecum,
595 1096 709 1151 veni,
740 1100 965 1150 tecumque
999 1097 1206 1151 sederem,

145 1153 210 1195 Ne
242 1154 324 1195 tibi
354 1168 441 1195 non
471 1158 618 1209 notus,
651 1169 776 1208 quem
806 1155 931 1209 facis,
963 1159 1074 1196 esset
1107 1170 1236 1196 amor.

52 1224 67 1250 5
86 1213 151 1253 Tu
183 1227 330 1254 cursus
364 1216 550 1267 spectas,
581 1227 660 1268 ego
692 1216 753 1254 te:
787 1216 1026 1267 spectemus
1059 1217 1255 1268 uterque,

146 1270 267 1319 Quod
298 1271 434 1325 iuvat,
465 1274 592 1324 atque
625 1271 770 1312 oculos
802 1275 949 1325 pascat
980 1275 1158 1326 uterque
1191 1273 1307 1314 suos!

87 1328 140 1381 O,
173 1329 423 1383 cuicumque
454 1328 590 1382 faves,
621 1328 723 1370 felix
755 1329 942 1384 agitator
974 1331 1197 1383 equorum!

145 1387 262 1442 Ergo
293 1387 357 1428 1111
389 1401 514 1429 curae
547 1387 730 1442 contigit
762 1401 852 1428 esse
885 1387 1013 1428 tuae?

86 1445 179 1487 Hoc
211 1445 317 1487 mihi
349 1446 589 1501 contingat,
622 1460 741 1487 sacro
773 1446 823 1486 de
855 1460 1022 1487 carcere
1054 1445 1195 1487 missis

35 1516 68 1540 10
145 1503 349 1545 Insistam
379 1503 484 1545 forti
516 1507 657 1545 mente
689 1503 903 1545 vehendus
937 1504 1055 1557 equis

86 1562 144 1603 Et
176 1563 301 1603 modo
332 1562 426 1603 lora
457 1562 585 1616 dabo,
615 1563 741 1603 modo
774 1563 947 1603 verbere
978 1566 1101 1617 terga
1130 1562 1310 1617 notabo,

145 1619 271 1662 Nunc
303 1620 513 1676 stringam
545 1624 681 1662 metas
713 1620 915 1662 interiore
948 1624 1054 1661 rota.

88 1677 133 1719 Si
165 1678 270 1720 mihi
303 1679 490 1720 currenti
521 1678 652 1720 fueris
685 1682 930 1733 conspecta,
961 1679 1180 1733 morabor,

144 1736 292 1790 Deque
324 1737 429 1778 meis
462 1737 659 1778 manibus
690 1737 783 1778 lora
812 1737 990 1778 remissa
1021 1737 1166 1778 fiuent.

34 1805 68 1832 15
87 1795 146 1836 At
179 1809 306 1848 quam
336 1810 469 1849 paene
499 1795 655 1850 Pelops
686 1795 838 1837 Pisaea
869 1795 1053 1837 concidit
1085 1796 1226 1850 hasta,

145 1853 259 1894 Dum
293 1857 457 1908 spectat
486 1853 649 1907 vultus,
679 1853 987 1908 Hippodamia,
1019 1855 1133 1894 tuos!

87 1910 250 1966 Nempe
282 1911 427 1953 favore
460 1926 559 1953 suae
590 1912 694 1953 vicit
726 1915 870 1953 tamen
900 1912 972 1952 1110
1003 1911 1180 1965 puellae.

145 1969 378 2011 Vincamus
412 1970 606 2011 dominae
639 1970 817 2024 quisque
848 1969 994 2011 favore
1028 1971 1145 2011 suae!

88 2026 198 2076 Quid
229 2027 391 2070 frustra
415 2027 606 2083 refugis‘.>
640 2028 756 2083 cogit
785 2042 864 2069 nos
896 2028 1009 2068 linea
1039 2027 1177 2082 iungi:

35 2095 70 2122 20
146 2085 263 2127 Haec
295 2086 340 2127 in
368 2086 462 2142 lege
493 2086 577 2128 loci
611 2086 833 2128 commoda
865 2086 999 2127 circus
1031 2086 1172 2127 habet.

86 2143 151 2185 Tu
181 2147 344 2199 tamen,
376 2159 400 2185 a
431 2145 578 2185 dextra
610 2144 864 2198 quicumque
897 2159 960 2198 es,
990 2158 1116 2198 parce
1147 2144 1328 2199 puellae:

148 2201 359 2244 Contactu
390 2202 536 2244 lateris
568 2202 751 2243 laeditur
782 2203 867 2243 ista
898 2202 972 2243 tui.

88 2259 152 2301 Tu
185 2263 363 2315 quoque,
395 2260 468 2314 qui
500 2264 666 2314 spectas
698 2264 797 2315 post
827 2275 918 2315 nos,
949 2263 1024 2302 tua
1056 2261 1257 2302 contrahe
1290 2275 1424 2316 crura,

149 2317 193 2359 Si
224 2319 361 2373 pudor
393 2322 476 2373 est,
505 2319 644 2374 rigido
676 2333 753 2361 nec
784 2333 927 2374 preme
958 2322 1082 2375 terga
1114 2321 1241 2375 genu!
