<?xml version="1.0" encoding="UTF-8"?>
<!DOCTYPE html PUBLIC "-//W3C//DTD XHTML 1.0 Transitional//EN"
    "http://www.w3.org/TR/xhtml1/DTD/xhtml1-transitional.dtd">
<html xmlns="http://www.w3.org/1999/xhtml" xml:lang="en" lang="en">
 <head>
  <title>
</title>
<meta http-equiv="Content-Type" content="text/html;charset=utf-8" />
  <meta name='ocr-system' content='tesseract 3.04.00' />
  <meta name='ocr-capabilities' content='ocr_page ocr_carea ocr_par ocr_line ocrx_word'/>
</head>
<body>
  <div class='ocr_page' id='page_1' title='image "./operaovid03oviduoft_0160.png"; bbox 0 0 1690 2656; ppageno 0'>
   <div class='ocr_carea' id='block_1_1' title="bbox 218 166 1095 207">
    <p class='ocr_par' dir='ltr' id='par_1_1' title="bbox 218 166 1095 207">
     <span class='ocr_line' id='line_1_1' title="bbox 218 166 1095 207; baseline -0.009 0"><span class='ocrx_word' id='word_1_1' title='bbox 218 166 300 207; x_wconf 82' lang='lat'>108</span> <span class='ocrx_word' id='word_1_2' title='bbox 746 166 1041 201; x_wconf 83' lang='lat' dir='ltr'>HEROIDES.</span> <span class='ocrx_word' id='word_1_3' title='bbox 1092 179 1095 181; x_wconf 57' lang='lat'>&gt;</span> 
     </span>
    </p>
   </div>
   <div class='ocr_carea' id='block_1_2' title="bbox 143 261 1561 2359">
    <p class='ocr_par' dir='ltr' id='par_1_2' title="bbox 143 261 1561 2359">
     <span class='ocr_line' id='line_1_2' title="bbox 213 261 1207 316; baseline 0.001 -14"><span class='ocrx_word' id='word_1_4' title='bbox 213 261 531 316; x_wconf 88' lang='lat' dir='ltr'>Eurytidosque</span> <span class='ocrx_word' id='word_1_5' title='bbox 565 262 676 303; x_wconf 90' lang='lat' dir='ltr'>Ioles</span> <span class='ocrx_word' id='word_1_6' title='bbox 711 264 838 315; x_wconf 89' lang='lat' dir='ltr'>atque</span> <span class='ocrx_word' id='word_1_7' title='bbox 870 261 1001 302; x_wconf 88' lang='lat' dir='ltr'>Aonii</span> <span class='ocrx_word' id='word_1_8' title='bbox 1032 261 1207 304; x_wconf 88' lang='lat' dir='ltr'>Alcidae</span> 
     </span>
     <span class='ocr_line' id='line_1_3' title="bbox 273 320 1261 375; baseline 0 -14"><span class='ocrx_word' id='word_1_9' title='bbox 273 320 433 374; x_wconf 86' lang='lat' dir='ltr'>Turpia</span> <span class='ocrx_word' id='word_1_10' title='bbox 464 321 655 361; x_wconf 85' lang='lat' dir='ltr'>famosus</span> <span class='ocrx_word' id='word_1_11' title='bbox 689 334 868 374; x_wconf 90' lang='lat' dir='ltr'>corpora</span> <span class='ocrx_word' id='word_1_12' title='bbox 899 320 1050 375; x_wconf 87' lang='lat' dir='ltr'>iunget</span> <span class='ocrx_word' id='word_1_13' title='bbox 1080 320 1261 375; x_wconf 82' lang='lat' dir='ltr'>Hymen.</span> 
     </span>
     <span class='ocr_line' id='line_1_4' title="bbox 143 378 1476 433; baseline 0.005 -19"><span class='ocrx_word' id='word_1_14' title='bbox 143 390 192 415; x_wconf 88' lang='lat'>135</span> <span class='ocrx_word' id='word_1_15' title='bbox 213 378 334 420; x_wconf 89' lang='lat' dir='ltr'>Mens</span> <span class='ocrx_word' id='word_1_16' title='bbox 366 379 480 433; x_wconf 82' lang='lat' dir='ltr'>fugit</span> <span class='ocrx_word' id='word_1_17' title='bbox 513 378 751 433; x_wconf 81' lang='lat' dir='ltr'>admonitu,</span> <span class='ocrx_word' id='word_1_18' title='bbox 782 378 1004 433; x_wconf 81' lang='lat' dir='ltr'>frigusque</span> <span class='ocrx_word' id='word_1_19' title='bbox 1036 379 1307 432; x_wconf 76' lang='lat' dir='ltr'>perambulat</span> <span class='ocrx_word' id='word_1_20' title='bbox 1339 382 1476 433; x_wconf 80' lang='lat' dir='ltr'>artus,</span> 
     </span>
     <span class='ocr_line' id='line_1_5' title="bbox 272 436 1323 492; baseline 0.001 -15"><span class='ocrx_word' id='word_1_21' title='bbox 272 437 330 477; x_wconf 87' lang='lat' dir='ltr'>Et</span> <span class='ocrx_word' id='word_1_22' title='bbox 362 437 472 478; x_wconf 86' lang='lat' dir='ltr'>iacet</span> <span class='ocrx_word' id='word_1_23' title='bbox 503 437 548 477; x_wconf 91' lang='lat' dir='ltr'>in</span> <span class='ocrx_word' id='word_1_24' title='bbox 582 436 745 491; x_wconf 87' lang='lat' dir='ltr'>gremio</span> <span class='ocrx_word' id='word_1_25' title='bbox 777 436 982 492; x_wconf 88' lang='lat' dir='ltr'>languida</span> <span class='ocrx_word' id='word_1_26' title='bbox 1012 436 1128 478; x_wconf 85' lang='lat' dir='ltr'>facta</span> <span class='ocrx_word' id='word_1_27' title='bbox 1159 452 1323 478; x_wconf 86' lang='lat' dir='ltr'>manus.</span> 
     </span>
     <span class='ocr_line' id='line_1_6' title="bbox 213 494 1561 551; baseline 0.001 -16"><span class='ocrx_word' id='word_1_28' title='bbox 213 494 281 536; x_wconf 92' lang='lat' dir='ltr'>Me</span> <span class='ocrx_word' id='word_1_29' title='bbox 314 509 482 548; x_wconf 90' lang='lat' dir='ltr'>quoque</span> <span class='ocrx_word' id='word_1_30' title='bbox 515 509 611 535; x_wconf 90' lang='lat' dir='ltr'>cum</span> <span class='ocrx_word' id='word_1_31' title='bbox 644 494 810 549; x_wconf 81' lang='lat' dir='ltr'>multis,</span> <span class='ocrx_word' id='word_1_32' title='bbox 851 495 924 536; x_wconf 88' lang='lat' dir='ltr'>sed</span> <span class='ocrx_word' id='word_1_33' title='bbox 956 510 1022 536; x_wconf 88' lang='lat' dir='ltr'>me</span> <span class='ocrx_word' id='word_1_34' title='bbox 1056 495 1146 536; x_wconf 89' lang='lat' dir='ltr'>sine</span> <span class='ocrx_word' id='word_1_35' title='bbox 1179 496 1355 537; x_wconf 85' lang='lat' dir='ltr'>crimine</span> <span class='ocrx_word' id='word_1_36' title='bbox 1388 496 1561 551; x_wconf 78' lang='lat' dir='ltr'>amasti3</span> 
     </span>
     <span class='ocr_line' id='line_1_7' title="bbox 272 552 1218 608; baseline 0.002 -15"><span class='ocrx_word' id='word_1_37' title='bbox 272 552 337 593; x_wconf 89' lang='lat' dir='ltr'>Ne</span> <span class='ocrx_word' id='word_1_38' title='bbox 369 553 534 607; x_wconf 72' lang='lat' dir='ltr'>pigeat,</span> <span class='ocrx_word' id='word_1_39' title='bbox 565 567 733 608; x_wconf 82' lang='lat' dir='ltr'>pugnae</span> <span class='ocrx_word' id='word_1_40' title='bbox 766 553 833 594; x_wconf 86' lang='lat' dir='ltr'>bis</span> <span class='ocrx_word' id='word_1_41' title='bbox 864 553 946 594; x_wconf 88' lang='lat' dir='ltr'>tibi</span> <span class='ocrx_word' id='word_1_42' title='bbox 979 568 1107 595; x_wconf 91' lang='lat' dir='ltr'>causa</span> <span class='ocrx_word' id='word_1_43' title='bbox 1137 554 1218 595; x_wconf 82' lang='lat' dir='ltr'>fui:</span> 
     </span>
     <span class='ocr_line' id='line_1_8' title="bbox 214 610 1249 666; baseline 0.001 -14"><span class='ocrx_word' id='word_1_44' title='bbox 214 610 385 652; x_wconf 73' lang='lat' dir='ltr'>Cornua</span> <span class='ocrx_word' id='word_1_45' title='bbox 416 611 521 652; x_wconf 89' lang='lat' dir='ltr'>fiens</span> <span class='ocrx_word' id='word_1_46' title='bbox 554 611 661 666; x_wconf 85' lang='lat' dir='ltr'>legit</span> <span class='ocrx_word' id='word_1_47' title='bbox 693 611 797 666; x_wconf 88' lang='lat' dir='ltr'>ripis</span> <span class='ocrx_word' id='word_1_48' title='bbox 830 611 1046 652; x_wconf 79' lang='lat' dir='ltr'>Achelous</span> <span class='ocrx_word' id='word_1_49' title='bbox 1078 612 1124 652; x_wconf 89' lang='lat' dir='ltr'>in</span> <span class='ocrx_word' id='word_1_50' title='bbox 1155 613 1249 653; x_wconf 91' lang='lat' dir='ltr'>udis</span> 
     </span>
     <span class='ocr_line' id='line_1_9' title="bbox 143 669 1275 725; baseline 0.003 -16"><span class='ocrx_word' id='word_1_51' title='bbox 143 681 193 705; x_wconf 76' lang='lat'>140</span> <span class='ocrx_word' id='word_1_52' title='bbox 271 669 523 723; x_wconf 79' lang='lat' dir='ltr'>Truncaque</span> <span class='ocrx_word' id='word_1_53' title='bbox 554 669 709 711; x_wconf 88' lang='lat' dir='ltr'>limosa</span> <span class='ocrx_word' id='word_1_54' title='bbox 740 673 936 724; x_wconf 88' lang='lat' dir='ltr'>tempora</span> <span class='ocrx_word' id='word_1_55' title='bbox 967 670 1116 711; x_wconf 84' lang='lat' dir='ltr'>mersit</span> <span class='ocrx_word' id='word_1_56' title='bbox 1149 685 1275 725; x_wconf 80' lang='lat' dir='ltr'>aqua3</span> 
     </span>
     <span class='ocr_line' id='line_1_10' title="bbox 214 726 1146 781; baseline 0.001 -13"><span class='ocrx_word' id='word_1_57' title='bbox 214 726 397 769; x_wconf 78' lang='lat' dir='ltr'>Semivir</span> <span class='ocrx_word' id='word_1_58' title='bbox 429 728 630 769; x_wconf 90' lang='lat' dir='ltr'>occubuit</span> <span class='ocrx_word' id='word_1_59' title='bbox 661 729 690 781; x_wconf 91' lang='lat'>†</span> <span class='ocrx_word' id='word_1_60' title='bbox 710 729 754 769; x_wconf 89' lang='lat' dir='ltr'>in</span> <span class='ocrx_word' id='word_1_61' title='bbox 784 728 953 769; x_wconf 85' lang='lat' dir='ltr'>letifero</span> <span class='ocrx_word' id='word_1_62' title='bbox 986 743 1146 770; x_wconf 89' lang='lat' dir='ltr'>veneno</span> 
     </span>
     <span class='ocr_line' id='line_1_11' title="bbox 271 785 1307 842; baseline 0.001 -15"><span class='ocrx_word' id='word_1_63' title='bbox 271 785 455 841; x_wconf 78' lang='lat' dir='ltr'>Nessus,</span> <span class='ocrx_word' id='word_1_64' title='bbox 487 789 529 827; x_wconf 91' lang='lat' dir='ltr'>et</span> <span class='ocrx_word' id='word_1_65' title='bbox 560 787 710 828; x_wconf 85' lang='lat' dir='ltr'>infecit</span> <span class='ocrx_word' id='word_1_66' title='bbox 743 787 917 842; x_wconf 88' lang='lat' dir='ltr'>sanguis</span> <span class='ocrx_word' id='word_1_67' title='bbox 951 787 1130 840; x_wconf 88' lang='lat' dir='ltr'>equinus</span> <span class='ocrx_word' id='word_1_68' title='bbox 1163 802 1307 842; x_wconf 87' lang='lat' dir='ltr'>aquas.</span> 
     </span>
     <span class='ocr_line' id='line_1_12' title="bbox 214 843 1446 900; baseline 0.002 -15"><span class='ocrx_word' id='word_1_69' title='bbox 214 843 296 885; x_wconf 77' lang='lat' dir='ltr'>Sed</span> <span class='ocrx_word' id='word_1_70' title='bbox 328 845 429 898; x_wconf 90' lang='lat' dir='ltr'>quid</span> <span class='ocrx_word' id='word_1_71' title='bbox 461 859 541 900; x_wconf 88' lang='lat' dir='ltr'>ego</span> <span class='ocrx_word' id='word_1_72' title='bbox 573 845 679 886; x_wconf 87' lang='lat' dir='ltr'>haec</span> <span class='ocrx_word' id='word_1_73' title='bbox 710 845 878 886; x_wconf 75' lang='lat' dir='ltr'>refero?</span> <span class='ocrx_word' id='word_1_74' title='bbox 911 845 1115 887; x_wconf 87' lang='lat' dir='ltr'>scribenti</span> <span class='ocrx_word' id='word_1_75' title='bbox 1145 846 1298 887; x_wconf 90' lang='lat' dir='ltr'>nuntia</span> <span class='ocrx_word' id='word_1_76' title='bbox 1329 847 1446 888; x_wconf 87' lang='lat' dir='ltr'>venit</span> 
     </span>
     <span class='ocr_line' id='line_1_13' title="bbox 271 902 1258 958; baseline 0.002 -15"><span class='ocrx_word' id='word_1_77' title='bbox 271 902 423 957; x_wconf 77' lang='lat' dir='ltr'>Fama,</span> <span class='ocrx_word' id='word_1_78' title='bbox 454 903 594 944; x_wconf 85' lang='lat' dir='ltr'>virum</span> <span class='ocrx_word' id='word_1_79' title='bbox 626 904 796 945; x_wconf 85' lang='lat' dir='ltr'>tunicae</span> <span class='ocrx_word' id='word_1_80' title='bbox 829 904 928 945; x_wconf 87' lang='lat' dir='ltr'>tabe</span> <span class='ocrx_word' id='word_1_81' title='bbox 960 904 1097 958; x_wconf 90' lang='lat' dir='ltr'>perire</span> <span class='ocrx_word' id='word_1_82' title='bbox 1129 919 1258 945; x_wconf 88' lang='lat' dir='ltr'>meae.</span> 
     </span>
     <span class='ocr_line' id='line_1_14' title="bbox 143 961 1464 1017; baseline 0.002 -15"><span class='ocrx_word' id='word_1_83' title='bbox 143 972 192 997; x_wconf 80' lang='lat'>145</span> <span class='ocrx_word' id='word_1_84' title='bbox 212 961 266 1002; x_wconf 90' lang='lat' dir='ltr'>Ei</span> <span class='ocrx_word' id='word_1_85' title='bbox 298 961 420 1002; x_wconf 78' lang='lat' dir='ltr'>mihi!</span> <span class='ocrx_word' id='word_1_86' title='bbox 455 962 556 1015; x_wconf 90' lang='lat' dir='ltr'>quid</span> <span class='ocrx_word' id='word_1_87' title='bbox 587 962 698 1003; x_wconf 80' lang='lat' dir='ltr'>feci?</span> <span class='ocrx_word' id='word_1_88' title='bbox 731 977 815 1016; x_wconf 92' lang='lat' dir='ltr'>quo</span> <span class='ocrx_word' id='word_1_89' title='bbox 848 977 914 1002; x_wconf 90' lang='lat' dir='ltr'>me</span> <span class='ocrx_word' id='word_1_90' title='bbox 946 963 1065 1003; x_wconf 78' lang='lat' dir='ltr'>furor</span> <span class='ocrx_word' id='word_1_91' title='bbox 1097 963 1186 1017; x_wconf 84' lang='lat' dir='ltr'>egit</span> <span class='ocrx_word' id='word_1_92' title='bbox 1219 963 1464 1004; x_wconf 76' lang='lat' dir='ltr'>amantem?</span> 
     </span>
     <span class='ocr_line' id='line_1_15' title="bbox 271 1019 1136 1073; baseline 0.001 -14"><span class='ocrx_word' id='word_1_93' title='bbox 271 1019 396 1073; x_wconf 84' lang='lat' dir='ltr'>Inpia</span> <span class='ocrx_word' id='word_1_94' title='bbox 427 1020 528 1073; x_wconf 90' lang='lat' dir='ltr'>quid</span> <span class='ocrx_word' id='word_1_95' title='bbox 560 1020 730 1061; x_wconf 90' lang='lat' dir='ltr'>dubitas</span> <span class='ocrx_word' id='word_1_96' title='bbox 762 1020 966 1061; x_wconf 88' lang='lat' dir='ltr'>Deianira</span> <span class='ocrx_word' id='word_1_97' title='bbox 997 1021 1136 1061; x_wconf 77' lang='lat' dir='ltr'>mori?</span> 
     </span>
     <span class='ocr_line' id='line_1_16' title="bbox 180 1077 1325 1134; baseline 0.002 -16"><span class='ocrx_word' id='word_1_98' title='bbox 180 1077 282 1118; x_wconf 77' lang='lat' dir='ltr'>*An</span> <span class='ocrx_word' id='word_1_99' title='bbox 314 1080 413 1118; x_wconf 89' lang='lat' dir='ltr'>tuus</span> <span class='ocrx_word' id='word_1_100' title='bbox 445 1078 491 1118; x_wconf 91' lang='lat' dir='ltr'>in</span> <span class='ocrx_word' id='word_1_101' title='bbox 522 1078 662 1119; x_wconf 87' lang='lat' dir='ltr'>media</span> <span class='ocrx_word' id='word_1_102' title='bbox 693 1078 878 1120; x_wconf 79' lang='lat' dir='ltr'>coniunx</span> <span class='ocrx_word' id='word_1_103' title='bbox 909 1079 1168 1119; x_wconf 69' lang='lat' dir='ltr'>lacerabitur</span> <span class='ocrx_word' id='word_1_104' title='bbox 1200 1078 1325 1134; x_wconf 77' lang='lat' dir='ltr'>Oeta,</span> 
     </span>
     <span class='ocr_line' id='line_1_17' title="bbox 271 1135 1234 1191; baseline 0.002 -15"><span class='ocrx_word' id='word_1_105' title='bbox 271 1135 335 1176; x_wconf 88' lang='lat' dir='ltr'>Tu</span> <span class='ocrx_word' id='word_1_106' title='bbox 367 1136 538 1178; x_wconf 88' lang='lat' dir='ltr'>sceleris</span> <span class='ocrx_word' id='word_1_107' title='bbox 570 1137 682 1177; x_wconf 86' lang='lat' dir='ltr'>tanti</span> <span class='ocrx_word' id='word_1_108' title='bbox 715 1152 842 1178; x_wconf 85' lang='lat' dir='ltr'>causa</span> <span class='ocrx_word' id='word_1_109' title='bbox 874 1140 1089 1191; x_wconf 84' lang='lat' dir='ltr'>superstes</span> <span class='ocrx_word' id='word_1_110' title='bbox 1122 1137 1234 1178; x_wconf 78' lang='lat' dir='ltr'>eris?</span> 
     </span>
     <span class='ocr_line' id='line_1_18' title="bbox 213 1194 1346 1249; baseline 0.002 -15"><span class='ocrx_word' id='word_1_111' title='bbox 213 1194 381 1247; x_wconf 81' lang='lat' dir='ltr'>Ecquid</span> <span class='ocrx_word' id='word_1_112' title='bbox 412 1195 549 1236; x_wconf 87' lang='lat' dir='ltr'>adhuc</span> <span class='ocrx_word' id='word_1_113' title='bbox 580 1195 717 1235; x_wconf 88' lang='lat' dir='ltr'>habeo</span> <span class='ocrx_word' id='word_1_114' title='bbox 750 1195 874 1249; x_wconf 69' lang='lat' dir='ltr'>facti,</span> <span class='ocrx_word' id='word_1_115' title='bbox 905 1210 979 1236; x_wconf 88' lang='lat' dir='ltr'>cur</span> <span class='ocrx_word' id='word_1_116' title='bbox 1010 1195 1206 1236; x_wconf 85' lang='lat' dir='ltr'>Herculis</span> <span class='ocrx_word' id='word_1_117' title='bbox 1238 1210 1346 1236; x_wconf 80' lang='lat' dir='ltr'>uxor</span> 
     </span>
     <span class='ocr_line' id='line_1_19' title="bbox 143 1252 1274 1308; baseline 0.004 -19"><span class='ocrx_word' id='word_1_118' title='bbox 143 1264 193 1289; x_wconf 89' lang='lat'>150</span> <span class='ocrx_word' id='word_1_119' title='bbox 273 1252 458 1294; x_wconf 84' lang='lat' dir='ltr'>Credar‘?</span> <span class='ocrx_word' id='word_1_120' title='bbox 492 1252 681 1308; x_wconf 84' lang='lat' dir='ltr'>coniugii</span> <span class='ocrx_word' id='word_1_121' title='bbox 713 1268 827 1294; x_wconf 91' lang='lat' dir='ltr'>mors</span> <span class='ocrx_word' id='word_1_122' title='bbox 860 1268 954 1294; x_wconf 89' lang='lat' dir='ltr'>mea</span> <span class='ocrx_word' id='word_1_123' title='bbox 985 1253 1141 1307; x_wconf 87' lang='lat' dir='ltr'>pignus</span> <span class='ocrx_word' id='word_1_124' title='bbox 1175 1254 1274 1294; x_wconf 79' lang='lat' dir='ltr'>erit!</span> 
     </span>
     <span class='ocr_line' id='line_1_20' title="bbox 213 1310 1440 1367; baseline 0.002 -16"><span class='ocrx_word' id='word_1_125' title='bbox 213 1310 277 1351; x_wconf 85' lang='lat' dir='ltr'>Tu</span> <span class='ocrx_word' id='word_1_126' title='bbox 309 1325 477 1365; x_wconf 88' lang='lat' dir='ltr'>quoque</span> <span class='ocrx_word' id='word_1_127' title='bbox 510 1325 743 1366; x_wconf 81' lang='lat' dir='ltr'>cognosces</span> <span class='ocrx_word' id='word_1_128' title='bbox 775 1312 820 1351; x_wconf 91' lang='lat' dir='ltr'>in</span> <span class='ocrx_word' id='word_1_129' title='bbox 852 1326 937 1364; x_wconf 85' lang='lat' dir='ltr'>me,</span> <span class='ocrx_word' id='word_1_130' title='bbox 969 1311 1202 1367; x_wconf 71' lang='lat' dir='ltr'>Meleagre,</span> <span class='ocrx_word' id='word_1_131' title='bbox 1234 1314 1440 1354; x_wconf 88' lang='lat' dir='ltr'>sororem!</span> 
     </span>
     <span class='ocr_line' id='line_1_21' title="bbox 271 1368 1176 1423; baseline 0 -14"><span class='ocrx_word' id='word_1_132' title='bbox 271 1368 396 1423; x_wconf 85' lang='lat' dir='ltr'>Inpia</span> <span class='ocrx_word' id='word_1_133' title='bbox 428 1369 530 1422; x_wconf 91' lang='lat' dir='ltr'>quid</span> <span class='ocrx_word' id='word_1_134' title='bbox 562 1370 733 1411; x_wconf 75' lang='lat' dir='ltr'>dubitas</span> <span class='ocrx_word' id='word_1_135' title='bbox 766 1369 970 1410; x_wconf 86' lang='lat' dir='ltr'>Deianira</span> <span class='ocrx_word' id='word_1_136' title='bbox 1002 1370 1176 1411; x_wconf 80' lang='lat' dir='ltr'>mori‘?*</span> 
     </span>
     <span class='ocr_line' id='line_1_22' title="bbox 212 1427 1317 1484; baseline 0.003 -17"><span class='ocrx_word' id='word_1_137' title='bbox 212 1427 308 1467; x_wconf 90' lang='lat' dir='ltr'>Heu</span> <span class='ocrx_word' id='word_1_138' title='bbox 341 1428 495 1469; x_wconf 83' lang='lat' dir='ltr'>devota</span> <span class='ocrx_word' id='word_1_139' title='bbox 527 1428 694 1469; x_wconf 83' lang='lat' dir='ltr'>domus!</span> <span class='ocrx_word' id='word_1_140' title='bbox 729 1428 836 1469; x_wconf 89' lang='lat' dir='ltr'>solio</span> <span class='ocrx_word' id='word_1_141' title='bbox 869 1428 987 1469; x_wconf 86' lang='lat' dir='ltr'>sedet</span> <span class='ocrx_word' id='word_1_142' title='bbox 1018 1428 1177 1483; x_wconf 90' lang='lat' dir='ltr'>Agrios</span> <span class='ocrx_word' id='word_1_143' title='bbox 1211 1429 1317 1484; x_wconf 77' lang='lat' dir='ltr'>alto,</span> 
     </span>
     <span class='ocr_line' id='line_1_23' title="bbox 272 1485 1213 1541; baseline 0.002 -15"><span class='ocrx_word' id='word_1_144' title='bbox 272 1485 413 1527; x_wconf 90' lang='lat' dir='ltr'>Oenea</span> <span class='ocrx_word' id='word_1_145' title='bbox 445 1486 660 1527; x_wconf 89' lang='lat' dir='ltr'>desertum</span> <span class='ocrx_word' id='word_1_146' title='bbox 691 1487 806 1527; x_wconf 90' lang='lat' dir='ltr'>nuda</span> <span class='ocrx_word' id='word_1_147' title='bbox 838 1489 1009 1527; x_wconf 87' lang='lat' dir='ltr'>senecta</span> <span class='ocrx_word' id='word_1_148' title='bbox 1039 1487 1213 1541; x_wconf 79' lang='lat' dir='ltr'>premit3</span> 
     </span>
     <span class='ocr_line' id='line_1_24' title="bbox 144 1544 1242 1601; baseline 0 -16"><span class='ocrx_word' id='word_1_149' title='bbox 144 1555 193 1580; x_wconf 84' lang='lat'>155</span> <span class='ocrx_word' id='word_1_150' title='bbox 213 1544 373 1585; x_wconf 83' lang='lat' dir='ltr'>Exulat</span> <span class='ocrx_word' id='word_1_151' title='bbox 404 1544 567 1599; x_wconf 88' lang='lat' dir='ltr'>ignotis</span> <span class='ocrx_word' id='word_1_152' title='bbox 600 1544 767 1599; x_wconf 79' lang='lat' dir='ltr'>Tydeus</span> <span class='ocrx_word' id='word_1_153' title='bbox 801 1559 1027 1599; x_wconf 88' lang='lat' dir='ltr'>germanus</span> <span class='ocrx_word' id='word_1_154' title='bbox 1059 1545 1105 1585; x_wconf 90' lang='lat' dir='ltr'>in</span> <span class='ocrx_word' id='word_1_155' title='bbox 1137 1545 1242 1601; x_wconf 80' lang='lat' dir='ltr'>oris,</span> 
     </span>
     <span class='ocr_line' id='line_1_25' title="bbox 272 1602 1040 1658; baseline 0.001 -16"><span class='ocrx_word' id='word_1_156' title='bbox 272 1602 395 1643; x_wconf 89' lang='lat' dir='ltr'>Alter</span> <span class='ocrx_word' id='word_1_157' title='bbox 426 1603 549 1644; x_wconf 80' lang='lat' dir='ltr'>fatali</span> <span class='ocrx_word' id='word_1_158' title='bbox 581 1603 702 1644; x_wconf 76' lang='lat' dir='ltr'>vivus</span> <span class='ocrx_word' id='word_1_159' title='bbox 733 1604 779 1644; x_wconf 92' lang='lat' dir='ltr'>in</span> <span class='ocrx_word' id='word_1_160' title='bbox 808 1603 908 1658; x_wconf 88' lang='lat' dir='ltr'>igne</span> <span class='ocrx_word' id='word_1_161' title='bbox 939 1603 1040 1657; x_wconf 77' lang='lat' dir='ltr'>fuit3</span> 
     </span>
     <span class='ocr_line' id='line_1_26' title="bbox 213 1660 1234 1716; baseline 0.002 -15"><span class='ocrx_word' id='word_1_162' title='bbox 213 1660 371 1715; x_wconf 80' lang='lat' dir='ltr'>Exegit</span> <span class='ocrx_word' id='word_1_163' title='bbox 401 1661 562 1702; x_wconf 86' lang='lat' dir='ltr'>ferrum</span> <span class='ocrx_word' id='word_1_164' title='bbox 595 1676 671 1702; x_wconf 89' lang='lat' dir='ltr'>sua</span> <span class='ocrx_word' id='word_1_165' title='bbox 702 1676 777 1715; x_wconf 90' lang='lat' dir='ltr'>per</span> <span class='ocrx_word' id='word_1_166' title='bbox 807 1661 1055 1716; x_wconf 88' lang='lat' dir='ltr'>praecordia</span> <span class='ocrx_word' id='word_1_167' title='bbox 1087 1664 1234 1703; x_wconf 88' lang='lat' dir='ltr'>mater.</span> 
     </span>
     <span class='ocr_line' id='line_1_27' title="bbox 273 1718 1138 1774; baseline 0.001 -15"><span class='ocrx_word' id='word_1_168' title='bbox 273 1718 397 1773; x_wconf 86' lang='lat' dir='ltr'>Inpia</span> <span class='ocrx_word' id='word_1_169' title='bbox 429 1720 530 1774; x_wconf 86' lang='lat' dir='ltr'>quid</span> <span class='ocrx_word' id='word_1_170' title='bbox 562 1720 732 1761; x_wconf 75' lang='lat' dir='ltr'>dubitas</span> <span class='ocrx_word' id='word_1_171' title='bbox 765 1719 968 1760; x_wconf 83' lang='lat' dir='ltr'>Deianira</span> <span class='ocrx_word' id='word_1_172' title='bbox 1000 1720 1138 1760; x_wconf 77' lang='lat' dir='ltr'>mori?</span> 
     </span>
     <span class='ocr_line' id='line_1_28' title="bbox 212 1776 1348 1834; baseline 0.002 -16"><span class='ocrx_word' id='word_1_173' title='bbox 212 1776 430 1831; x_wconf 88' lang='lat' dir='ltr'>Deprecor</span> <span class='ocrx_word' id='word_1_174' title='bbox 461 1778 542 1819; x_wconf 86' lang='lat' dir='ltr'>hoc</span> <span class='ocrx_word' id='word_1_175' title='bbox 573 1793 706 1819; x_wconf 89' lang='lat' dir='ltr'>unum</span> <span class='ocrx_word' id='word_1_176' title='bbox 737 1793 812 1832; x_wconf 89' lang='lat' dir='ltr'>per</span> <span class='ocrx_word' id='word_1_177' title='bbox 842 1778 937 1819; x_wconf 91' lang='lat' dir='ltr'>iura</span> <span class='ocrx_word' id='word_1_178' title='bbox 969 1778 1198 1819; x_wconf 82' lang='lat' dir='ltr'>sacerrima</span> <span class='ocrx_word' id='word_1_179' title='bbox 1229 1778 1348 1834; x_wconf 83' lang='lat' dir='ltr'>lecti⁷</span> 
     </span>
     <span class='ocr_line' id='line_1_29' title="bbox 143 1835 1008 1877; baseline 0.001 -1"><span class='ocrx_word' id='word_1_180' title='bbox 143 1847 193 1872; x_wconf 85' lang='lat'>160</span> <span class='ocrx_word' id='word_1_181' title='bbox 272 1835 337 1877; x_wconf 90' lang='lat' dir='ltr'>Ne</span> <span class='ocrx_word' id='word_1_182' title='bbox 369 1836 513 1877; x_wconf 88' lang='lat' dir='ltr'>videar</span> <span class='ocrx_word' id='word_1_183' title='bbox 544 1836 645 1877; x_wconf 82' lang='lat' dir='ltr'>fatis</span> <span class='ocrx_word' id='word_1_184' title='bbox 677 1837 880 1877; x_wconf 89' lang='lat' dir='ltr'>insidiata</span> <span class='ocrx_word' id='word_1_185' title='bbox 911 1837 1008 1877; x_wconf 87' lang='lat' dir='ltr'>tuis.</span> 
     </span>
     <span class='ocr_line' id='line_1_30' title="bbox 213 1892 1498 1950; baseline 0.002 -16"><span class='ocrx_word' id='word_1_186' title='bbox 213 1892 394 1945; x_wconf 82' lang='lat' dir='ltr'>Nessus,</span> <span class='ocrx_word' id='word_1_187' title='bbox 425 1898 474 1935; x_wconf 91' lang='lat' dir='ltr'>ut</span> <span class='ocrx_word' id='word_1_188' title='bbox 506 1898 570 1936; x_wconf 88' lang='lat' dir='ltr'>est</span> <span class='ocrx_word' id='word_1_189' title='bbox 602 1895 773 1936; x_wconf 85' lang='lat' dir='ltr'>avidum</span> <span class='ocrx_word' id='word_1_190' title='bbox 803 1910 1029 1949; x_wconf 89' lang='lat' dir='ltr'>percussus</span> <span class='ocrx_word' id='word_1_191' title='bbox 1062 1895 1296 1937; x_wconf 87' lang='lat' dir='ltr'>harundine</span> <span class='ocrx_word' id='word_1_192' title='bbox 1328 1898 1498 1950; x_wconf 77' lang='lat' dir='ltr'>pectus,</span> 
     </span>
     <span class='ocr_line' id='line_1_31' title="bbox 273 1952 1270 2008; baseline 0.001 -15"><span class='ocrx_word' id='word_1_193' title='bbox 273 1952 384 1993; x_wconf 73' lang='lat' dir='ltr'>‘Hic’</span> <span class='ocrx_word' id='word_1_194' title='bbox 418 1953 526 1994; x_wconf 81' lang='lat' dir='ltr'>dixit</span> <span class='ocrx_word' id='word_1_195' title='bbox 558 1953 682 1994; x_wconf 70' lang='lat' dir='ltr'>‘vires</span> <span class='ocrx_word' id='word_1_196' title='bbox 717 1954 891 2008; x_wconf 87' lang='lat' dir='ltr'>sanguis</span> <span class='ocrx_word' id='word_1_197' title='bbox 925 1953 1082 1995; x_wconf 86' lang='lat' dir='ltr'>amoris</span> <span class='ocrx_word' id='word_1_198' title='bbox 1113 1953 1270 1995; x_wconf 87' lang='lat' dir='ltr'>habet.&#39;</span> 
     </span>
     <span class='ocr_line' id='line_1_32' title="bbox 212 2009 1132 2053; baseline 0.003 -3"><span class='ocrx_word' id='word_1_199' title='bbox 212 2009 343 2051; x_wconf 83' lang='lat' dir='ltr'>Inlita</span> <span class='ocrx_word' id='word_1_200' title='bbox 373 2010 536 2052; x_wconf 87' lang='lat' dir='ltr'>Nesseo</span> <span class='ocrx_word' id='word_1_201' title='bbox 569 2012 666 2052; x_wconf 88' lang='lat' dir='ltr'>misi</span> <span class='ocrx_word' id='word_1_202' title='bbox 698 2012 778 2052; x_wconf 88' lang='lat' dir='ltr'>tibi</span> <span class='ocrx_word' id='word_1_203' title='bbox 810 2015 929 2053; x_wconf 81' lang='lat' dir='ltr'>texta</span> <span class='ocrx_word' id='word_1_204' title='bbox 959 2026 1132 2053; x_wconf 86' lang='lat' dir='ltr'>veneno.</span> 
     </span>
     <span class='ocr_line' id='line_1_33' title="bbox 272 2068 1137 2122; baseline 0.003 -14"><span class='ocrx_word' id='word_1_205' title='bbox 272 2068 395 2122; x_wconf 90' lang='lat' dir='ltr'>Inpia</span> <span class='ocrx_word' id='word_1_206' title='bbox 428 2069 529 2122; x_wconf 88' lang='lat' dir='ltr'>quid</span> <span class='ocrx_word' id='word_1_207' title='bbox 561 2070 731 2111; x_wconf 87' lang='lat' dir='ltr'>dubitas</span> <span class='ocrx_word' id='word_1_208' title='bbox 763 2070 968 2111; x_wconf 84' lang='lat' dir='ltr'>Deianira</span> <span class='ocrx_word' id='word_1_209' title='bbox 999 2070 1137 2111; x_wconf 79' lang='lat' dir='ltr'>mori‘?</span> 
     </span>
     <span class='ocr_line' id='line_1_34' title="bbox 143 2126 1437 2185; baseline 0.002 -17"><span class='ocrx_word' id='word_1_210' title='bbox 143 2137 194 2163; x_wconf 79' lang='lat'>165</span> <span class='ocrx_word' id='word_1_211' title='bbox 214 2126 389 2180; x_wconf 87' lang='lat' dir='ltr'>Iamque</span> <span class='ocrx_word' id='word_1_212' title='bbox 422 2127 533 2181; x_wconf 78' lang='lat' dir='ltr'>vale⁷</span> <span class='ocrx_word' id='word_1_213' title='bbox 566 2128 789 2182; x_wconf 88' lang='lat' dir='ltr'>seniorque</span> <span class='ocrx_word' id='word_1_214' title='bbox 820 2132 943 2182; x_wconf 85' lang='lat' dir='ltr'>pater</span> <span class='ocrx_word' id='word_1_215' title='bbox 975 2143 1259 2184; x_wconf 86' lang='lat' dir='ltr'>germanaque</span> <span class='ocrx_word' id='word_1_216' title='bbox 1294 2129 1437 2185; x_wconf 86' lang='lat' dir='ltr'>Gorge</span> 
     </span>
     <span class='ocr_line' id='line_1_35' title="bbox 271 2184 1310 2241; baseline 0.002 -15"><span class='ocrx_word' id='word_1_217' title='bbox 271 2185 330 2226; x_wconf 88' lang='lat' dir='ltr'>Et</span> <span class='ocrx_word' id='word_1_218' title='bbox 360 2184 500 2238; x_wconf 87' lang='lat' dir='ltr'>patria</span> <span class='ocrx_word' id='word_1_219' title='bbox 532 2188 574 2225; x_wconf 91' lang='lat' dir='ltr'>et</span> <span class='ocrx_word' id='word_1_220' title='bbox 604 2186 768 2239; x_wconf 86' lang='lat' dir='ltr'>patriae</span> <span class='ocrx_word' id='word_1_221' title='bbox 801 2186 934 2228; x_wconf 87' lang='lat' dir='ltr'>frater</span> <span class='ocrx_word' id='word_1_222' title='bbox 966 2187 1160 2241; x_wconf 87' lang='lat' dir='ltr'>adempte</span> <span class='ocrx_word' id='word_1_223' title='bbox 1192 2191 1310 2241; x_wconf 84' lang='lat' dir='ltr'>tuae,</span> 
     </span>
     <span class='ocr_line' id='line_1_36' title="bbox 211 2243 1311 2287; baseline 0.001 -2"><span class='ocrx_word' id='word_1_224' title='bbox 211 2243 270 2285; x_wconf 90' lang='lat' dir='ltr'>Et</span> <span class='ocrx_word' id='word_1_225' title='bbox 301 2246 349 2283; x_wconf 88' lang='lat' dir='ltr'>tu</span> <span class='ocrx_word' id='word_1_226' title='bbox 380 2243 454 2283; x_wconf 77' lang='lat' dir='ltr'>lux</span> <span class='ocrx_word' id='word_1_227' title='bbox 487 2244 620 2284; x_wconf 84' lang='lat' dir='ltr'>oculis</span> <span class='ocrx_word' id='word_1_228' title='bbox 651 2245 857 2286; x_wconf 85' lang='lat' dir='ltr'>hodierna</span> <span class='ocrx_word' id='word_1_229' title='bbox 887 2245 1121 2286; x_wconf 83' lang='lat' dir='ltr'>novissima</span> <span class='ocrx_word' id='word_1_230' title='bbox 1152 2246 1311 2287; x_wconf 87' lang='lat' dir='ltr'>nostris</span> 
     </span>
     <span class='ocr_line' id='line_1_37' title="bbox 270 2300 1346 2359; baseline 0.003 -18"><span class='ocrx_word' id='word_1_231' title='bbox 270 2300 433 2355; x_wconf 91' lang='lat' dir='ltr'>Virque</span> <span class='ocrx_word' id='word_1_232' title='bbox 467 2300 559 2356; x_wconf 85' lang='lat' dir='ltr'>(sed</span> <span class='ocrx_word' id='word_1_233' title='bbox 592 2316 615 2342; x_wconf 95' lang='lat' dir='ltr'>o</span> <span class='ocrx_word' id='word_1_234' title='bbox 647 2302 824 2358; x_wconf 70' lang='lat' dir='ltr'>possisl)</span> <span class='ocrx_word' id='word_1_235' title='bbox 858 2306 900 2344; x_wconf 92' lang='lat' dir='ltr'>et</span> <span class='ocrx_word' id='word_1_236' title='bbox 930 2318 1036 2358; x_wconf 90' lang='lat' dir='ltr'>puer</span> <span class='ocrx_word' id='word_1_237' title='bbox 1067 2303 1208 2359; x_wconf 73' lang='lat' dir='ltr'>Hylle,</span> <span class='ocrx_word' id='word_1_238' title='bbox 1238 2303 1346 2345; x_wconf 75' lang='lat' dir='ltr'>vale!</span> 
     </span>
    </p>
   </div>
  </div>
 </body>
</html>
