1674 2662
308 162 366 197 m.
393 162 575 197 BRISEIS
601 173 745 198 90—154.
795 163 873 197 ΠΠ.
899 162 1129 197 PHAEDRA
1155 175 1245 199 1—7.
1419 164 1470 205 81

136 256 299 299 Mittite
330 272 416 312 me,
447 257 601 298 Danai!
635 257 853 298 dominum
884 258 1027 313 legata
1058 259 1221 313 rogabo

195 315 414 370 Multaque
446 316 658 356 mandatis
692 316 836 357 oscula
867 316 1002 357 mixta
1032 316 1185 371 feram;

137 373 239 414 Plus
271 388 351 429 ego
384 388 512 427 quam
542 373 752 427 Phoenix,
782 374 877 428 plus
911 388 1038 427 quam
1068 374 1275 416 facundus
1309 374 1474 429 Ulixes,

68 442 119 468 13⁰
195 432 298 472 Plus
330 446 409 486 ego
443 446 570 486 quam
601 432 770 484 Teucri,
803 432 977 486 credite,
1008 432 1141 473 frater
1173 447 1315 488 agam:

136 490 217 531 Est
250 490 428 543 aliquid,
459 490 615 531 collum
647 490 785 530 solitis
818 490 1012 545 tetigisse
1043 490 1233 545 lacertis,

194 547 521 601 Praesentisque
555 547 700 589 oculos
734 548 1003 589 admonuisse
1036 549 1118 589 sui!

138 604 205 647 Sis
236 606 336 647 licet
366 606 530 646 inmitis
563 606 796 659 matrisque
826 606 1008 647 ferocior
1039 607 1182 661 undis,

194 663 255 705 Ut
285 667 469 718 taceam,
499 664 686 705 lacrimis
719 664 989 705 conminuere
1021 664 1138 705 meis.

68 732 117 758 1³5
137 721 261 763 Nunc
297 736 465 776 quoque
504 721 583 766 (sic
623 737 768 763 omnes
800 721 950 763 Peleus
982 725 1103 776 pater
1132 723 1295 777 inpleat
1327 736 1474 775 annos,

42 790 46 795 ”
197 779 266 821 Sic
300 784 369 821 eat
401 780 602 834 auspiciis
633 780 821 834 Pyrrhus
855 781 907 820 ad
939 795 1055 821 arma
1087 781 1208 835 tuis&

135 838 315 892 Respice
347 838 579 879 sollicitam
610 838 821 891 Briseida,
851 838 976 879 fortis
1007 838 1193 892 Achille,

193 897 285 938 Nec
316 897 516 937 miseram
547 897 662 937 lenta
693 896 854 937 ferreus
887 911 960 936 ure
993 910 1130 950 mora,

135 955 242 1008 Aut,
273 954 310 995 si
340 968 487 995 versus
519 969 639 995 amor
670 958 768 995 tuus
801 957 866 995 est
895 954 941 994 in
972 954 1112 995 taedia
1142 954 1297 1007 nostri,

67 1024 117 1048 140
195 1012 332 1061 Quam
364 1012 454 1053 sine
486 1016 528 1053 te
561 1012 678 1067 cogis
711 1012 868 1065 vivere,
900 1026 1004 1066 coge
1036 1012 1161 1052 mori!

135 1069 277 1124 thue
309 1070 434 1124 facis,
465 1084 610 1125 coges:
643 1070 749 1111 abiit
781 1084 1017 1124 corpusque
1049 1070 1267 1124 colorque3

196 1128 388 1170 Sustinet
418 1129 499 1169 hoc
532 1128 697 1169 animae
730 1143 825 1182 spes
857 1132 1002 1169 tamen
1032 1143 1117 1169 una
1147 1128 1231 1182 tui,

136 1186 227 1236 Qua
259 1187 294 1228 si
327 1187 553 1241 destituor,
584 1190 775 1240 repetam
805 1186 1043 1239 fratresque
1074 1187 1313 1239 virumque:

194 1244 283 1286 Nec
314 1245 395 1285 tibi
426 1244 701 1299 magnificum
731 1244 890 1285 femina
918 1244 1034 1285 iussa
1066 1244 1187 1285 mori.

66 1314 116 1340 145
136 1301 222 1344 Cur
253 1306 395 1344 autem
425 1302 602 1343 iubeas?
636 1302 785 1343 stricto
817 1305 914 1356 pete
947 1316 1125 1355 corpora
1155 1302 1285 1342 ferro:

194 1361 275 1402 Est
307 1361 413 1402 mihi
445 1361 518 1415 qui
548 1360 665 1401 fosso
697 1363 868 1414 pectore
901 1360 1075 1414 sanguis
1107 1363 1187 1400 eat.

134 1419 202 1460 Me
234 1423 354 1473 petat
385 1419 456 1459 ille
487 1422 606 1472 tuus,
639 1418 728 1472 qui,
761 1418 796 1459 si
828 1418 905 1458 dea
935 1432 1061 1471 passa
1092 1418 1262 1471 fuisset,

193 1477 321 1518 Ensis
352 1477 398 1517 in
428 1477 606 1517 Atridae
636 1481 786 1530 pectus
817 1476 955 1516 iturus
987 1477 1094 1516 erat!

134 1536 190 1576 A!
222 1536 366 1590 potius
400 1549 540 1575 serves
571 1538 783 1588 nostram,
814 1538 889 1574 tua
920 1548 1108 1587 munera,
1139 1533 1288 1574 vitam!

66 1604 117 1630 150
193 1593 316 1642 Quod
347 1593 520 1634 dederas
551 1592 667 1633 hosti
698 1593 852 1645 victor,
884 1592 1019 1632 amica
1050 1604 1168 1646 rogo.

134 1651 314 1693 Perdere
347 1665 452 1705 quos
484 1650 636 1691 melius
667 1651 825 1705 possis,
855 1649 1074 1703 Neptunia
1104 1649 1309 1703 praebent

191 1709 418 1765 Pergama:
450 1709 674 1750 materiam
705 1708 843 1750 caedis
877 1709 928 1749 ab
960 1708 1083 1748 hoste
1114 1710 1228 1761 pete3

134 1767 203 1809 Me
234 1768 377 1822 modo,
409 1767 496 1808 sive
527 1782 652 1821 paras
682 1766 884 1820 inpellere
916 1766 1076 1820 remige
1109 1766 1304 1818 classem,

195 1825 292 1867 Sive
323 1840 486 1880 manes,
518 1825 679 1866 domini
709 1825 801 1865 iure
832 1824 975 1865 venire
1006 1824 1119 1864 iube!

531 1938 761 1973 PHAEDRA
784 1936 1066 1972 HIPPOLYTO.

30 2001 107 2038 ΙΠῘ-
135 1999 270 2048 Quam
299 2000 384 2041 nisi
414 2002 462 2040 tu
494 1999 676 2051 dederis,
708 1998 935 2039 cariturast
966 1997 1077 2050 ipsa,
1109 1996 1292 2037 salutem

190 2058 328 2099 Mittit
357 2057 593 2099 Amazonio
627 2055 777 2097 Cressa
807 2055 948 2109 puella
978 2055 1081 2095 viro.

132 2116 325 2171 Perlege,
363 2115 714 2169 quodcumquest!
765 2113 866 2167 quid
903 2113 1087 2167 epistula
1122 2112 1233 2154 lecta
1266 2113 1467 2154 nocebit?

189 2174 248 2214 Te
280 2187 447 2228 quoque
477 2173 523 2213 in
553 2173 633 2213 hac
666 2172 825 2225 aliquid
857 2171 970 2225 quod
999 2171 1117 2211 iuvet
1148 2184 1239 2212 esse
1270 2175 1430 2225 potest:

98 2243 114 2268 ⁵
132 2231 213 2273 His
245 2246 400 2273 arcana
429 2231 544 2272 notis
575 2234 689 2271 terra
719 2227 954 2284 pelagoque
986 2228 1197 2284 feruntur3

190 2289 370 2344 Inspicit
402 2292 596 2343 acceptas
626 2288 765 2329 hostis
799 2288 851 2328 ab
883 2287 1006 2327 hoste
1037 2290 1173 2328 notas.

132 2347 214 2388 Ter
243 2351 386 2390 tecum
417 2350 570 2389 conata
599 2346 718 2400 loqui
749 2349 815 2386 ter
845 2345 1010 2386 inutilis
1041 2345 1180 2386 haesit

203 2421 293 2450 Om.
310 2423 337 2448 Ι.
1163 2417 1182 2448 6
