1674 2662
303 135 346 172 X.
371 136 586 170 ARLADNE
614 147 773 172 loe—152.
825 137 884 171 XI.
912 137 1099 172 CANACE
1128 150 1235 174 1—28.
1382 139 1463 181 113

189 231 341 272 Infelix
371 231 499 272 tendo
533 235 650 272 trans
683 231 791 272 freta
823 231 952 286 longa
983 246 1151 286 manus,

131 289 220 331 Hos
252 289 349 343 tibi,
381 289 454 342 qui
487 293 706 343 superant,
739 290 915 330 ostendo
949 294 1111 331 maesta
1143 291 1335 345 capillos!

64 360 112 384 150
188 347 267 388 Per
297 347 495 388 lacrimas
529 362 620 401 oro,
653 362 755 401 quas
788 351 859 388 tua
893 348 1006 389 facta
1037 353 1225 389 movent:

130 405 274 447 Flecte
305 408 460 459 ratem,
492 405 674 459 Theseu,
706 420 910 459 versoque
943 406 1130 447 relabere
1162 408 1306 448 vento!

188 462 233 504 Si
263 464 382 518 prius
415 464 626 517 occidero,
657 467 705 504 tu
737 467 880 505 tamen
913 478 1007 505 ossa
1040 465 1161 505 feres.

569 577 755 612 CANACE
783 578 1022 612 MACAREQ.

18 642 60 675 Ἰ.
92 638 292 689 *[1-160113
324 637 546 691 Aeolidae,
579 652 705 691 quam
737 652 823 678 non
854 638 983 678 habet
1015 638 1125 692 ipsa,
1158 640 1340 680 salutem

186 695 323 736 Mittit
355 699 397 736 et
429 700 592 736 armata
623 696 751 736 verba
782 699 931 736 notata
964 699 1163 748 manu:]*

129 753 259 807 Siqua
291 756 435 794 tamen
467 754 601 794 caecis
636 754 837 794 errabmit
870 754 1025 807 scripta
1058 755 1216 808 lituris,

187 812 356 852 Oblitus
389 827 412 852 a
445 812 639 852 dominae
673 812 796 852 caede
828 811 996 852 libellus
1030 813 1127 853 erit:

126 870 288 911 Dextra
325 872 441 910 tenet
477 870 704 923 calamum,
743 869 940 910 strictum
973 873 1089 910 tenet
1121 871 1253 912 altera
1286 872 1462 925 ferrum,

184 928 243 968 Et
273 928 384 968 iacet
414 928 459 968 in
492 928 652 982 gremio
687 927 833 967 charta
866 927 1005 968 soluta
1037 943 1141 969 meo.

90 996 106 1021 5
127 985 241 1026 Haec
275 989 339 1026 est
371 985 574 1026 Aeolidos
605 985 729 1026 fratri
762 985 987 1026 scribentis
1020 986 1183 1040 imago,

187 1043 255 1085 Sic
287 1044 431 1084 videor
464 1044 567 1084 duro
599 1058 724 1098 posse
755 1043 920 1097 placere
951 1044 1074 1097 patn'.

126 1101 222 1155 Ipse
253 1101 368 1142 116613
401 1116 596 1155 cuperem
627 1105 798 1142 nostrae
831 1104 1046 1155 spectator
1079 1103 1261 1156 adesset,

185 1159 468 1213 Auctorisque
503 1159 636 1200 oculis
669 1159 909 1213 exigeretur
942 1174 1064 1213 opus3

128 1216 185 1257 Ut
218 1218 331 1258 ferus
364 1221 429 1258 est
459 1217 678 1271 multoque
711 1217 798 1257 suis
830 1217 1112 1258 truculentior
1143 1218 1289 1271 Euris,

75 1286 107 1310 10
187 1274 430 1329 Spectasset
463 1275 584 1316 siccis
618 1275 791 1315 vulnera
820 1278 967 1315 nostra
1001 1276 1131 1329 genis.

128 1332 299 1374 Scilicet
331 1336 393 1374 est
427 1333 604 1387 aliquid,
635 1347 731 1373 cum
764 1333 898 1373 saevis
930 1333 1069 1373 vivere
1101 1334 1256 1374 ventis:

185 1391 361 1445 Ingenio
393 1391 540 1445 populi
573 1391 768 1432 convenit-
799 1391 869 1431 ille
902 1391 978 1431 sui.

126 1449 202 1489 Ille
235 1448 351 1489 Noto
383 1448 660 1503 Zephyroque
693 1452 735 1489 et
769 1447 963 1489 Sithonio
996 1449 1199 1501 Aquiloni

186 1507 372 1561 Imperat
404 1510 446 1547 et
476 1507 636 1560 pinnis,
667 1507 780 1547 Eure
811 1510 1025 1560 proterxffe
1057 1507 1161 1548 tuis:

76 1576 106 1599 15
126 1564 314 1618 Imperat
343 1565 441 1605 heu!
474 1565 630 1619 ventis,
660 1565 847 1605 tumidae
878 1579 965 1605 non
995 1565 1176 1629 imperat
1208 1565 1295 1606 irae

185 1622 379 1663 Possidet
411 1626 452 1663 et
482 1623 598 1663 vitiis
630 1637 761 1677 regna
793 1623 958 1663 minora
990 1623 1089 1663 suis.

128 1679 237 1727 Quid
266 1681 384 1721 iuvat
417 1681 632 1721 admotam
662 1695 737 1734 per
769 1695 943 1721 avorum
974 1681 1147 1721 nomina
1180 1682 1295 1722 63610

185 1737 301 1778 Inter
333 1742 538 1793 cognatos
570 1753 694 1792 posse
726 1738 880 1779 referre
912 1738 1089 1779 Iovem?

128 1794 242 1836 Num
274 1796 412 1836 minus
443 1796 665 1850 infestum,
695 1796 891 1837 funebria
922 1811 1113 1850 munera,
1143 1797 1302 1838 ferrum

74 1864 107 1888 20
185 1853 386 1894 Feminea
416 1857 558 1907 teneo,
588 1868 675 1894 non
705 1869 798 1895 mea
829 1855 932 1908 tela,
963 1855 1120 1895 manu?

128 1910 161 1952 Ο
193 1911 374 1965 1111113111,
405 1911 620 1965 Macareu,
652 1927 757 1966 quae
788 1927 865 1953 nos
899 1913 1111 1953 commisit
1142 1913 1187 1953 in
1218 1928 1366 1968 unum,

184 1968 383 2010 Venisset
414 1970 500 2010 leto
533 1970 666 2010 serior
696 1970 800 2010 hora
831 1971 941 2010 meo!

128 2026 212 2068 Cur
243 2041 444 2080 umquam
475 2028 569 2082 plus
602 2042 686 2081 me,
717 2028 866 2081 frater,
898 2043 1024 2081 quam
1055 2028 1186 2070 frater
1218 2031 1388 2084 amasti,

186 2084 242 2125 Et
273 2085 372 2139 tibi,
401 2100 487 2126 11011
519 2086 642 2126 debet
675 2075 787 2138 quod
818 2099 937 2126 soror
969 2101 1077 2140 esse,
1108 2087 1198 2128 fui?

75 2153 107 2178 25
127 2141 223 2196 Ipsa
257 2157 422 2196 quoque
453 2143 627 2186 incalui
661 2144 909 2197 qualemque
943 2145 1085 2185 audire
1117 2146 1322 2190 solebam

185 2199 340 2241 Nescio
373 2215 497 2255 quem
530 2201 641 2242 361131
674 2202 797 2242 corde
830 2205 998 2256 tepente
1031 2203 1164 2244 deum.

126 2257 313 2312 Fugerat
346 2272 415 2299 ore
448 2259 581 2313 color,
612 2260 766 2300 macies
799 2260 1029 2301 adduxerat
1061 2265 1196 2316 ar,tus

186 2314 418 2357 Sumebant
450 2318 647 2358 111111111103
681 2332 753 2358 013
786 2322 931 2359 coacta
963 2319 1097 2362 cibos:

197 2389 287 2416 Ovm.
306 2391 331 2416 Ι.
488 2428 492 2429 ⁷
1152 2392 1171 2422 S
