1674 2662
552 165 578 208 1,
603 177 655 208 111,
682 175 714 200 10
730 178 855 208 —1111‚
881 174 924 199 56.
1384 163 1411 204 5

21 272 54 297 20
131 259 274 301 Verba
304 260 420 315 leges
453 260 618 315 digitis,
654 260 783 300 verba
813 262 963 300 notata
995 273 1123 300 mero.

74 316 181 360 Cum
211 318 291 359 tibi
324 321 542 360 succurret
573 317 750 359 Veneris
782 317 958 359 lascivia
986 320 1178 372 nostrae,

131 376 371 431 Purpureas
403 380 550 417 tenero
582 376 735 430 pollice
767 379 896 430 tange
929 389 1077 431 genas3

75 433 224 488 Siquid
257 434 355 489 erit,
394 435 443 475 de
474 448 542 475 me
574 434 706 475 tacita
739 434 851 487 quod
882 437 1023 475 mente
1056 434 1264 487 queraris,

131 492 319 533 Pendeat
351 495 540 533 extrema
571 492 713 533 mollis
747 492 798 532 ab
833 507 932 533 aure
965 506 1134 547 manus3

20 563 53 587 25
74 549 182 592 Cum
213 551 312 605 tibi,
344 565 450 604 quae
481 550 655 603 faciam,
687 565 781 591 mea
809 550 899 604 lux,
931 550 1139 605 dicamve,
1170 550 1412 605 placebunt,

131 608 337 650 Versetur
368 608 516 663 digitis
550 609 701 649 anulus
733 623 865 662 usque
898 608 1000 649 tuis!

73 667 217 722 Tange
249 681 377 708 manu
408 681 618 721 mensam,
648 670 833 721 tangunt
865 681 948 720 quo
980 681 1097 708 more
1128 670 1371 721 precantes,

132 724 312 779 Optabis
344 725 497 766 merito
531 740 626 766 cum
657 725 770 766 mala
802 725 937 765 multa
969 725 1082 765 viro!

74 783 195 832 Quod
225 783 306 824 tibi
338 783 573 837 miscuerit,
605 783 764 837 sapias,
795 783 917 824 bibat
947 783 1057 837 ipse,
1086 783 1252 824 iubeto:

19 853 53 878 30
133 841 196 881 Tu
227 856 407 895 puerum
437 841 588 882 levite1
619 855 765 895 posce,
798 841 911 894 quod
941 841 1035 895 ipsa
1066 841 1201 896 voles3

73 899 188 948 Quae
220 903 268 940 tu
299 900 549 953 reddideris,
580 913 659 954 ego
690 899 853 953 primus
884 900 1037 952 pocula
1071 914 1236 940 sumam

130 958 207 1011 Et,
240 972 323 1011 qua
353 961 401 998 tu
432 957 611 1012 biberis,
642 957 722 998 hac
754 971 834 1011 ego
865 960 986 1010 parte
1018 957 1175 998 bibam.

74 1014 118 1056 Si
150 1015 232 1056 tibi
262 1015 374 1056 forte
407 1016 543 1069 dabit,
577 1016 690 1069 quod
720 1015 1063 1070 praegustaverit
1093 1015 1204 1070 ipse,

131 1073 258 1115 Reice
290 1074 449 1114 libatos
480 1074 596 1114 illius
630 1088 701 1114 ore
733 1074 871 1127 cibos,

19 1143 52 1168 35
73 1131 163 1173 Nec
194 1135 361 1186 premat
391 1132 591 1186 inpositis
625 1132 755 1172 sinito
788 1135 863 1172 tua
895 1131 1005 1173 colla
1035 1132 1228 1186 lacertis,

131 1190 235 1231 Mite
266 1205 344 1232 nec
374 1190 420 1230 in
450 1190 590 1245 rigido
622 1193 794 1244 pectore
826 1204 936 1244 pone
968 1193 1113 1244 caput,

72 1247 162 1289 Nec
195 1248 312 1289 sinus
345 1248 545 1289 admittat
578 1248 736 1303 digitos
768 1248 985 1289 habilesve
1016 1247 1220 1303 papilla-e,

132 1306 288 1347 Oscula
318 1307 543 1360 praecipue
574 1306 692 1347 nulla
725 1306 888 1347 dedisse
919 1306 1041 1346 velis!

73 1364 230 1406 Oscula
262 1365 297 1405 si
329 1365 511 1418 dederis,
541 1365 643 1405 fiam
674 1364 927 1405 manifestus
960 1367 1127 1405 amator

18 1435 53 1459 40
131 1423 189 1464 Et
221 1423 359 1464 dicam
391 1422 500 1463 ‘mea
532 1422 645 1463 sunt'
677 1422 934 1476 iniciamque
966 1436 1149 1462 manum.

71 1481 189 1522 Haec
220 1484 365 1522 tamen
396 1481 646 1534 adspiciam,
679 1481 751 1520 sed
783 1495 889 1533 quae
920 1480 1027 1520 bene
1058 1480 1190 1534 pallia
1222 1480 1380 1535 celant,

130 1539 211 1580 Illa
241 1539 347 1580 mihi
380 1539 493 1580 caeci
525 1554 652 1580 causa
683 1538 850 1579 timoris
884 1541 1019 1579 erunt.

72 1597 162 1639 Nec
193 1597 346 1638 femori
379 1598 600 1638 committe
631 1597 770 1638 femur
800 1611 877 1638 nec
911 1611 1029 1638 crure
1063 1596 1241 1638 cohaere

130 1651 237 1697 Nec·
253 1659 447 1696 tenerum
480 1656 584 1696 duro
618 1669 713 1696 cum
745 1655 850 1709 pede
881 1655 1010 1709 iunge
1041 1655 1210 1708 pedem!

18 1726 52 1750 45
72 1713 210 1755 Multa
241 1714 370 1755 miser
402 1714 552 1768 timeo,
585 1713 684 1767 quia
715 1713 796 1754 feci
828 1713 965 1754 multa
995 1716 1213 1767 proterve,

130 1772 412 1826 Exemplique
444 1775 562 1813 metu
593 1775 814 1826 torqueor,
846 1786 959 1825 ecce,
990 1771 1094 1812 mei:

74 1830 207 1884 Saepe
238 1830 344 1870 mihi
376 1830 655 1883 dominaeque
687 1844 804 1870 meae
835 1832 1066 1883 properata
1096 1828 1293 1882 voluptas

130 1889 262 1929 Veste
296 1888 374 1929 sub
405 1888 563 1929 iniecta
594 1888 714 1929 dulce
745 1888 912 1942 peregit
945 1901 1062 1941 opus.

71 1947 165 1988 Hoc
197 1950 244 1987 tu
274 1960 362 1987 non
393 1946 540 2000 facies,
574 1946 664 1999 sed,
692 1960 745 1986 ne
777 1946 928 1987 fecisse
960 1944 1143 1999 puteris,

19 2017 53 2041 50
132 2005 314 2047 Conscia
346 2005 395 2045 de
427 2007 550 2059 tergo
581 2004 712 2058 pallia
744 2004 862 2045 deme
894 2004 986 2044 tuo!

70 2063 149 2104 Vir
179 2063 319 2117 bibat,
349 2077 483 2116 usque
509 2076 615 2117 roga
646 2060 861 2116 (precibus
888 2064 1033 2102 tamen
1065 2061 1208 2103 oscula
1235 2060 1410 2117 desintl)

129 2121 327 2174 Dumque
359 2121 488 2174 bibit,
518 2120 686 2173 furtim,
719 2119 754 2160 si
785 2122 927 2174 potes,
958 2119 1061 2160 adde
1093 2121 1274 2161 merum!

72 2179 117 2221 Si
148 2180 254 2220 bene
288 2179 535 2232 conpositus
569 2192 718 2219 somno
750 2178 934 2231 vinoque
966 2177 1141 2232 iacebit,

131 2236 368 2279 Consilium
398 2236 524 2277 nobis
556 2251 707 2290 resque
738 2236 942 2289 locusque
975 2236 1147 2277 dabunt.

17 2307 50 2332 55
72 2294 180 2337 Cum
212 2309 360 2350 surges
394 2294 564 2335 abitura
595 2295 788 2348 domum,
820 2308 1042 2349 surgemus
1075 2297 1118 2335 et
1150 2308 1315 2349 omnes,

129 2354 182 2394 In
212 2354 398 2394 medium
429 2353 581 2394 turbae
613 2353 680 2394 fac
713 2366 875 2394 memor
907 2367 1060 2408 agmen
1093 2367 1180 2394 eas:
