1690 2656
280 147 364 189 186
731 145 834 180 ΑΕΒ
860 144 1161 179 AMATORIA.

338 241 445 283 Cum
476 241 585 282 iuvit
617 240 767 280 viduos
800 242 923 294 rapta
956 237 1114 280 Sabina
1146 239 1270 280 viros.

278 301 395 342 Tunc
426 314 563 353 neque
596 311 834 339 marmoreo
866 298 1108 352 pendebant
1139 298 1233 338 vela
1263 297 1452 352 theatro,

337 358 426 399 Nec
459 358 628 398 fuerant
658 356 821 409 liquido
853 356 1021 410 pulpita
1051 356 1181 396 rubra
1213 369 1354 409 croco,

209 427 258 453 105
279 417 390 469 Illic,
423 431 527 469 quas
560 414 748 456 tulerant
779 428 1005 455 nemorosa
1035 413 1220 468 Palatia,
1250 413 1421 455 frondes

338 474 598 528 Simpliciter
628 472 812 527 positae,
844 487 996 514 scaena
1028 473 1117 513 sine
1151 475 1240 513 arte
1272 472 1372 526 fuit3

278 533 329 573 Ι11
362 532 563 587 gradibus
597 531 706 572 sedit
737 531 920 585 populus
954 531 1003 572 de
1036 530 1221 584 caespite
1253 530 1399 585 factis,

337 590 536 638 Qualibet
567 589 756 630 hirsuta-s
788 589 937 630 fronde
969 592 1140 643 tegente
1173 603 1327 630 comas.

277 648 529 702 Respiciunt
562 647 779 701 oculisque
810 650 963 689 notant
996 647 1077 688 sibi
1110 647 1288 700 quisque
1320 645 1524 701 puellam,

209 719 258 742 110
337 706 474 755 Quam
506 706 626 760 velit,
659 708 700 747 et
732 706 865 747 tacito
897 708 1069 759 pectore
1101 705 1237 746 multa
1269 708 1453 746 movent.

276 765 474 819 Dumque
506 765 654 805 rudem
684 764 914 818 praebente
947 764 1121 804 modum
1152 763 1327 805 tibicine
1359 762 1498 804 Tusco

335 823 497 864 Ludius
531 825 758 877 aequatam
789 825 854 863 ter
885 822 989 876 pede
1021 822 1165 876 pulsat
1196 822 1392 874 humum,

277 882 328 922 In
353 882 492 923 medio
524 882 677 935 plausu
710 881 902 935 (plausus
934 884 1037 921 tunc
1070 883 1159 921 arte
1193 879 1414 934 carebant)

335 940 425 980 Rex
457 940 616 994 populo
649 939 829 992 praedae
864 939 987 993 signa
1018 938 1155 992 petita
1187 938 1312 979 dedit.

208 1009 257 1033 115
277 998 479 1039 Protinus
512 997 690 1038 exiliunt
723 997 912 1037 animum
944 997 1128 1037 clamore
1160 996 1344 1037 fatentes

335 1056 588 1111 Virginibus
621 1055 794 1109 cupidas
826 1055 1090 1108 iniciuntque
1123 1069 1290 1095 manus:

276 1113 337 1155 Ut
368 1114 541 1169 fugiunt
574 1113 755 1167 aquilas,
785 1113 1058 1154 timidissima
1089 1113 1234 1166 turba,
1266 1111 1506 1165 columbae,

335 1171 478 1225 thue
510 1172 623 1226 fugit
655 1172 769 1212 visos
802 1186 910 1226 agna
942 1171 1110 1212 novella
1141 1171 1284 1225 lupos,

277 1229 347 1272 Sic
378 1231 476 1271 illae
509 1230 688 1271 timuere
720 1230 834 1270 viros
868 1229 957 1270 sine
989 1243 1105 1270 more
1137 1232 1325 1282 ruentes3

206 1299 257 1324 120
337 1287 544 1329 Constitit
574 1288 620 1328 in
650 1287 786 1341 nulla,
817 1288 889 1341 qui
921 1287 1004 1328 fuit
1036 1291 1152 1341 ante,
1184 1288 1312 1328 color.

277 1347 389 1387 Nam
421 1347 550 1387 timor
581 1360 690 1386 unus
723 1349 833 1400 erat,
864 1346 994 1387 facies
1027 1360 1114 1386 non
1144 1360 1229 1386 una
1259 1345 1446 1386 timoris:

334 1404 439 1445 Pars
472 1404 607 1445 laniat
640 1404 794 1458 crines,
825 1419 923 1458 pars
957 1404 1046 1444 sine
1079 1407 1220 1445 mente
1253 1404 1388 1458 sedet,

276 1463 427 1504 Altera
458 1465 621 1503 maesta
654 1462 769 1516 silet,
799 1462 960 1503 frustra
990 1465 1115 1503 vocat
1147 1462 1281 1503 altera
1313 1465 1511 1515 matrem3

334 1521 451 1562 Haec
484 1520 693 1575 queritur,
725 1524 869 1574 stupet
899 1521 1021 1574 haec,
1058 1520 1163 1562 haec
1195 1523 1357 1575 manet,
1388 1520 1461 1561 illa
1492 1520 1615 1575 fugit.

207 1590 256 1614 125
277 1579 504 1620 Ducuntur
534 1582 699 1633 raptae,
732 1579 910 1633 genialis
942 1579 1115 1632 praeda,
1135 1579 1330 1632 puellae,

334 1638 393 1678 Et
423 1637 566 1691 potuit
598 1637 755 1677 multas
787 1637 879 1690 ipse
911 1637 1056 1678 decere
1088 1636 1228 1677 timor.

278 1694 409 1749 Siqua
440 1699 701 1749 repugnaiat
730 1695 911 1735 nimium
942 1695 1226 1759 comitemque
1257 1694 1462 1750 negabat,

338 1752 560 1794 Sublatam
593 1753 745 1807 cupido
777 1753 841 1793 vir
873 1753 974 1793 tulit
1004 1753 1094 1807 ipse
1128 1754 1222 1793 sinu

275 1811 418 1865 Atque
449 1811 513 1852 ita
544 1811 661 1864 quid
692 1814 861 1852 teneios
892 1811 1079 1852 lacrimis
1113 1811 1349 1865 corrumpis
1382 1811 1568 1852 ocellos?

207 1880 257 1904 130
337 1869 459 1917 Quod
489 1869 615 1910 matri
647 1873 770 1923 pater
801 1872 883 1922 est,
914 1869 993 1910 hoc
1026 1868 1121 1910 tibi'
1155 1869 1303 1910 dixit‘
1308 1869 1407 1910 ero.³

276 1927 476 1981 Romule,
507 1927 716 1968 militibus
750 1903 883 1968 scistiy
903 1928 1000 1968 dare
1034 1928 1256 1968 commoda
1288 1928 1419 1968 solus!

334 1985 450 2026 Haec
482 1985 588 2026 mihi
620 1985 655 2026 si
688 1986 850 2026 dederis
884 1986 1123 2039 commoda,
1155 1985 1276 2026 miles
1309 2000 1392 2026 ero.

277 2041 465 2097 Scilicet,
498 2058 547 2084 ex
579 2043 654 2084 illo
688 2044 883 2084 sollemni
916 2058 1050 2095 more,
1082 2044 1251 2084 theatra

334 2100 458 2142 Nunc
491 2116 658 2155 quoque
689 2102 890 2142 formosis
922 2102 1128 2142 insidiosa
1159 2105 1343 2142 manent.

206 2169 256 2194 135
276 2157 365 2200 Nec
398 2162 440 2199 te
471 2160 681 2200 nobilium
711 2160 851 2214 fugiat
883 2163 1098 2200 certamen
1129 2174 1350 2213 equorum:

334 2216 471 2257 Multa
503 2232 635 2270 capax
665 2218 813 2271 populi
846 2219 1068 2259 commoda
1099 2218 1235 2259 circus
1267 2218 1409 2259 habet.

276 2273 349 2315 Nil
383 2289 488 2328 opus
522 2278 586 2315 est
618 2276 783 2330 digitis,
813 2291 888 2330 per
921 2291 1026 2329 quos
1059 2291 1213 2317 arcana
1243 2276 1447 2330 loquaris,

334 2332 424 2373 Nec
456 2332 537 2373 tibi
569 2347 643 2386 per
674 2337 804 2374 nutus
838 2334 1082 2388 accipienda
1113 2337 1276 2387 notast,
