1690 2656
319 163 405 203 214
771 162 873 196 ARS
901 161 1204 196 AMATORIA.

320 258 402 307 Qui
435 262 585 313 stupor
616 258 704 312 hic,
735 256 946 311 Menelae,
977 257 1089 298 fuit?
1122 261 1170 297 tu
1203 257 1318 298 solus
1352 257 1519 312 abibas,

378 317 519 358 Isdem
553 317 631 357 sub
664 316 790 357 tectis
823 316 978 369 hospes
1012 318 1054 356 et
1084 330 1192 356 uxor
1224 317 1360 356 erant!

319 375 528 429 Accipitri
561 374 732 416 timidas
767 374 918 428 credis,
950 374 1127 428 furiose,
1160 374 1398 428 columbas,

378 433 558 474 Plenum
591 435 795 474 montano
829 432 964 474 credis
998 432 1106 473 ovile
1138 432 1256 486 lupo!

248 502 299 528 365
319 491 394 533 Nil
426 491 588 533 Helene
620 494 787 546 peccat,
818 491 925 531 nihil
956 491 1026 532 hic
1059 491 1291 532 committit
1324 491 1507 532 adulter:

378 549 500 599 Quod
532 553 598 604 tu,
631 550 744 604 quod
775 550 935 591 faceret
968 549 1167 604 quilibet,
1198 550 1269 590 ille
1302 549 1416 590 facit.

320 609 449 664 Cogis
483 609 739 650 adulterium
772 609 909 649 (lando
944 611 1197 662 tempusque
1228 608 1472 661 locumque:

377 667 487 716 Quid
518 667 602 708 nisi
635 667 858 709 consiliost
889 681 966 707 usa
998 666 1139 721 puella
1171 666 1274 707 tuo‘?

319 725 429 774 Quid
460 725 620 767 faciat?
658 725 723 767 vir
755 726 894 780 abest,
929 728 972 766 et
1005 725 1124 766 adest
1155 739 1242 765 non
1273 725 1457 766 rusticus
1491 724 1665 780 hospes,

247 794 299 819 370
378 785 436 825 Et
468 784 593 825 timet
623 784 669 824 in
699 798 833 826 vacuo
867 784 957 824 sola
991 784 1145 825 cubare
1178 786 1285 824 toro.

317 843 486 884 Viderit
518 842 709 883 Atrides:
741 842 934 884 Helenen
966 856 1045 897 ego
1079 842 1254 883 crimine
1288 842 1425 897 solvo,

376 900 510 943 Usast
541 901 718 942 humani
751 901 1054 943 commoditate
1086 901 1178 941 viri.

320 959 403 1002 Sed
433 974 570 1013 neque
602 960 743 1000 fulvus
777 975 877 1014 aper
908 959 1048 1000 media
1079 962 1168 1000 tam
1201 973 1351 1000 saevus
1383 959 1427 1000 in
1459 959 1583 1014 irast,

377 1018 602 1060 Fulmineo
635 1018 808 1059 rabidos
843 1033 939 1059 cum
971 1020 1086 1058 rotat
1120 1032 1190 1058 ore
1224 1032 1368 1072 canes,

248 1086 298 1113 375
319 1076 409 1119 Nec
441 1077 525 1131 lea,
557 1091 653 1118 cum
686 1076 838 1118 catulis
870 1076 1132 1117 lactantibus
1165 1076 1297 1116 ubera
1328 1076 1523 1130 praebet,

375 1135 467 1177 Nec
499 1135 640 1176 brevis
672 1135 823 1190 ignaro
856 1135 1001 1188 vipera
1032 1135 1148 1175 laesa
1180 1135 1302 1188 pede,

316 1194 495 1236 Femina
528 1209 656 1248 quam
689 1193 792 1234 socii
825 1193 1031 1247 deprensa
1062 1192 1222 1247 paelice
1254 1193 1354 1234 lecti

376 1253 511 1294 Ardet
545 1255 586 1293 et
617 1252 662 1292 in
692 1252 813 1292 vultu
844 1251 1027 1306 pignora
1058 1251 1213 1292 mentis
1246 1251 1393 1306 habet,

318 1311 369 1352 In
400 1311 561 1352 ferrum
592 1310 871 1364 flammasque
903 1310 990 1350 ruit
1020 1310 1248 1364 positoque
1281 1310 1430 1351 decore

249 1380 301 1405 380
381 1369 553 1423 Fertur,
584 1372 632 1409 ut
664 1368 794 1410 Aonii
827 1368 1027 1410 cornibus
1059 1368 1146 1409 icta
1178 1368 1260 1409 dei:

320 1427 526 1483 Coniugis
560 1426 794 1468 admissum
826 1427 1069 1480 violataque
1100 1427 1194 1467 iura
1226 1426 1424 1468 maritast

377 1486 569 1527 Barbara
599 1500 675 1540 per
705 1489 831 1527 natos
864 1485 1043 1526 Phasias
1076 1485 1166 1526 ulta
1198 1500 1316 1539 suos,

319 1545 469 1587 Altera
502 1544 593 1585 dira
623 1559 776 1599 parens
808 1544 913 1585 haec
946 1547 1028 1597 est,
1060 1558 1188 1597 quam
1220 1543 1375 1598 cernis,
1406 1544 1606 1585 hirundo:

378 1603 583 1658 Adspice,
615 1603 834 1658 signatum
867 1602 1073 1657 sanguine
1105 1605 1254 1656 pectus
1286 1602 1433 1643 habet!

249 1672 301 1697 385
321 1662 415 1703 Hoc
447 1662 554 1702 bene
587 1661 853 1716 conpositos,
884 1661 964 1701 hoc
997 1661 1142 1701 firmos
1177 1660 1306 1701 solvit
1336 1675 1521 1716 amores3

379 1718 570 1761 Crimina
603 1723 703 1760 sunt
735 1719 871 1761 cautis
903 1719 988 1760 ista
1020 1718 1209 1759 timenda
1240 1719 1353 1760 viris.

319 1778 410 1820 Nec
442 1793 537 1819 mea
567 1793 643 1819 vos
675 1778 750 1818 uni
782 1778 955 1819 damnat
989 1792 1166 1818 censura
1198 1777 1381 1833 puellae3

378 1837 435 1878 Di
467 1836 639 1878 melius!
672 1836 742 1877 vix
773 1836 854 1877 hoc
886 1839 1020 1890 nupta
1051 1839 1194 1877 tenere
1226 1839 1381 1890 potest.

320 1895 494 1949 Ludite,
527 1895 599 1936 sed
630 1894 746 1936 furto
779 1895 938 1936 celetur
971 1894 1095 1948 culpa
1127 1895 1338 1936 modesto:

250 1963 302 1989 390
383 1953 529 1994 Gloria
561 1953 726 2007 peccati
756 1953 875 1994 nulla
906 1954 1089 2007 petenda
1121 1953 1239 1994 suist.

320 2011 411 2053 Nec
444 2012 606 2053 dederis
639 2026 812 2066 munus,
844 2026 1050 2066 cognosse
1085 2012 1198 2065 quod
1229 2011 1363 2052 altera
1394 2011 1550 2066 possit,

379 2069 470 2111 Nec
503 2070 589 2111 sint
619 2070 836 2125 nequitiae
868 2073 1062 2124 tempora
1094 2073 1209 2111 certa
1241 2072 1358 2123 tuae,

320 2128 399 2182 Et,
430 2142 482 2169 ne
514 2132 556 2169 te
589 2129 730 2183 capiat
759 2128 937 2170 latebris
971 2128 1053 2169 sibi
1084 2128 1244 2169 femina
1274 2128 1408 2183 notis,

381 2185 481 2227 Non
512 2190 641 2228 unost
674 2187 812 2229 omnis
845 2187 1132 2228 convenienda
1162 2187 1256 2228 loco
1266 2221 1276 2241 ,

251 2254 302 2281 395
320 2244 380 2286 Et
411 2245 606 2297 quotiens
640 2246 818 2299 scribes,
849 2248 964 2287 totas
995 2245 1113 2300 prius
1145 2245 1235 2299 ipse
1268 2245 1448 2286 tabellas

379 2302 565 2357 Inspice:
597 2303 693 2357 plus
726 2304 904 2359 multae,
936 2319 1064 2358 quam
1097 2304 1178 2344 sibi
1210 2303 1360 2358 missa,
1390 2303 1550 2357 legunt.

320 2360 457 2402 Laesa
488 2360 633 2402 Venus
666 2362 779 2403 iusta
812 2377 929 2403 arma
961 2365 1104 2403 movet
1136 2362 1352 2415 telumque
1382 2361 1567 2402 remittit
