1690 2656
209 166 234 206 6
753 162 998 197 AMORUM

208 259 393 315 Agmine
428 274 494 300 me
526 258 715 299 invenies
749 260 822 298 aut
853 256 1081 297 invenieris
1113 256 1158 296 in
1188 256 1281 309 illo3

269 318 482 372 Quidquid
514 317 574 357 ibi
606 315 766 370 poteris
799 318 993 369 tangere,
1023 317 1151 369 tange
1184 315 1283 355 mei!

208 376 276 417 Me
309 377 527 417 miserum!
562 374 725 428 monui,
757 387 914 427 paucas
948 373 1061 426 quod
1091 372 1228 426 prosit
1259 373 1304 413 in
1334 372 1480 413 horas:

156 447 189 472 60
270 434 451 489 Separor
484 449 507 474 a
539 432 710 473 domina
740 434 866 472 nocte
897 431 1071 472 iubente
1104 445 1207 471 mea.

208 492 346 534 Nocte
377 493 441 533 vir
472 491 672 544 includet,
704 489 890 530 lacrimis
923 503 1002 544 ego
1035 492 1223 530 maestus
1257 489 1438 543 obortis,

267 551 359 599 Qua
391 551 508 603 licet,
540 549 593 590 ad
625 562 771 589 saevas
803 562 1036 602 prosequar
1067 562 1200 601 usque
1232 547 1365 601 fores,

209 609 363 650 Oscula
394 609 479 649 iam
513 610 671 661 sumet,
700 606 786 646 iam
818 620 905 646 non
936 608 1107 646 tantum
1140 606 1285 646 oscula
1317 608 1473 646 sumet:

268 666 388 715 Quod
420 665 526 706 mihi
559 665 632 705 das
664 664 834 718 furtim,
864 664 956 704 iure
990 666 1137 705 coacta
1170 663 1301 704 dabis.

156 736 188 761 65
208 725 369 766 Verum
399 724 535 764 invita
567 724 667 764 dato
701 721 842 778 (potes
874 720 977 777 hoc)
1010 722 1245 775 similisque
1279 724 1468 776 coactae3

266 783 506 823 Blanditiae
538 784 727 835 taceant,
758 781 898 834 sit-que
931 780 1119 835 maligna
1151 779 1314 820 Venus!

210 841 255 882 Si
287 856 380 882 mea
411 844 511 882 vota
542 840 703 893 valent,
733 839 856 880 illum
889 853 1054 892 quoque
1086 853 1139 879 ne
1170 838 1305 892 iuvet,
1337 840 1459 891 opto,

269 899 314 941 Si
346 899 505 952 minus,
537 901 581 939 at
613 901 725 939 certe
757 901 799 938 te
832 897 949 938 iuvet
980 897 1077 937 inde
1108 896 1234 950 nihil,

210 957 292 999 Sed
324 971 613 1011 quaecumque
645 959 790 997 tamen
820 958 990 996 noctem
1022 954 1196 995 fortuna
1228 956 1447 1007 sequetur,

156 1028 190 1053 ’το
270 1014 373 1057 Cras
406 1015 512 1056 mihi
545 1014 761 1056 constanti
792 1028 895 1054 voce
929 1013 1093 1054 dedisse
1124 1014 1251 1067 nega!

150 1136 193 1171 V.
209 1132 365 1174 Aestus
399 1134 508 1185 erat,
538 1130 807 1184 mediamque
841 1130 929 1170 dies
963 1131 1162 1183 exegerat
1193 1128 1361 1169 horam:

269 1190 461 1244 Adposui
492 1189 631 1230 medio
665 1189 857 1229 membra
888 1188 1066 1229 levanda
1102 1190 1210 1227 toro.

209 1248 314 1289 Pars
347 1249 550 1301 adaperta
581 1247 681 1301 fuit,
711 1262 809 1301 pars
844 1247 978 1287 altera
1012 1245 1155 1286 clausa
1186 1244 1417 1298 fenestrae,

269 1306 401 1355 Quale
434 1306 520 1346 fere
553 1305 684 1346 silvae
716 1306 862 1345 lumen
893 1304 1049 1345 habere
1083 1303 1242 1356 solent,

175 1376 191 1402 5
211 1364 362 1413 Qualia
395 1364 619 1405 sublucent
651 1363 842 1418 fugiente
876 1361 1124 1416 crepuscula
1155 1361 1351 1415 Phoebo,

268 1423 358 1464 Aut
390 1423 464 1463 ubi
495 1437 581 1463 nox
614 1421 738 1475 abiit,
769 1436 846 1462 nec
878 1424 1024 1461 tamen
1056 1422 1150 1460 orta
1182 1419 1289 1460 dies:

209 1481 289 1522 Illa
321 1480 570 1522 verecundis
601 1480 675 1520 lux
707 1483 772 1520 est
803 1479 1046 1533 praebenda
1076 1477 1248 1532 puellis,

270 1539 362 1588 Qua
394 1539 570 1580 timidus
601 1538 788 1578 latebras
822 1540 963 1591 speret
993 1537 1150 1576 habere
1182 1536 1330 1589 pudor.

212 1598 340 1652 Ecce,
372 1596 559 1638 Corinna
589 1596 724 1650 venit,
755 1596 901 1637 tunica
932 1595 1072 1636 velata
1103 1593 1308 1648 recincta,

160 1668 193 1693 10
272 1655 461 1697 Candida
493 1655 663 1696 dividua
696 1654 805 1695 colla
836 1655 1008 1708 tegente
1042 1667 1181 1694 coma:

212 1714 403 1764 Qualiter
434 1714 480 1754 in
511 1714 724 1754 thalamos
756 1713 922 1753 famosa
956 1710 1201 1752 Semiramis
1233 1710 1318 1751 isse

270 1773 440 1814 Dicitur
474 1775 516 1813 et
548 1771 695 1812 multis
727 1770 828 1811 Lais
865 1773 1008 1811 amata
1038 1769 1153 1810 viris.

210 1831 390 1884 Deripui
421 1830 630 1884 tunicam,
660 1844 737 1870 nec
770 1829 954 1870 multum
986 1842 1083 1868 rara
1113 1827 1314 1881 nocebat,

270 1889 498 1943 Pugnabat
529 1888 676 1929 tunica
709 1888 782 1928 sed
812 1890 957 1928 tamen
986 1886 1063 1926 illa
1094 1885 1202 1941 tegi,

162 1958 193 1983 15
215 1946 329 1995 Quae
362 1961 458 1987 cum
488 1947 551 1987 ita
575 1949 804 2001 pugnaret,
836 1949 1056 1998 tamquam
1083 1958 1189 1997 quae
1215 1943 1382 1984 vincere
1408 1942 1555 1996 nollet,

272 2004 442 2045 Victast
473 2019 560 2045 non
592 2019 716 2059 aegre
748 2004 990 2058 proditione
1024 2017 1110 2043 sua.

214 2062 274 2103 Ut
306 2063 426 2103 stetit
459 2066 557 2103 ante
590 2063 735 2103 oculos
768 2062 910 2116 posito
943 2060 1150 2102 velamine
1181 2062 1373 2114 nostros,

272 2120 324 2161 In
354 2123 448 2160 toto
479 2134 691 2174 nusquam
724 2135 899 2175 corpore
932 2119 1084 2160 menda
1115 2117 1208 2158 fuit.

215 2178 330 2227 Quos
362 2192 551 2231 umeros,
583 2179 727 2231 quales
759 2179 846 2220 vidi
879 2178 1087 2232 tetigique
1118 2177 1319 2217 lacertos!

162 2250 195 2274 20
272 2237 429 2277 Forma
460 2235 717 2289 papillarum
750 2252 878 2291 quam
909 2236 992 2276 fuit
1026 2238 1126 2289 apta
1158 2234 1309 2288 premi!

215 2294 351 2344 Quam
384 2294 595 2348 castiga-to
628 2294 780 2347 planus
815 2296 892 2335 sub
925 2296 1097 2349 pectore
1129 2293 1292 2333 venter!

274 2352 490 2401 Quantum
523 2354 566 2393 et
598 2352 720 2405 quale
752 2353 883 2393 latus!
918 2366 1046 2405 quam
1077 2350 1271 2392 iuvenale
1303 2349 1457 2390 femur!
