1690 2656
323 147 409 189 250
740 146 994 181 REMEDIA
1022 145 1241 181 AMORIS.

324 241 406 284 Sed
439 242 537 296 quia
570 242 752 283 delectat
783 240 962 282 Veneris
997 241 1218 296 decerpere
1250 241 1456 296 fructum,

381 301 574 342 Dicimus
608 300 781 340 adsidue
815 299 923 341 ‘cras
957 314 1124 354 quoque
1156 300 1230 340 fiet
1261 299 1401 340 idem.'

253 370 302 395 105
323 359 491 400 Interea
522 358 679 399 tacitae
713 361 889 412 serpunt
920 358 966 399 in
997 358 1159 399 viscera
1190 358 1400 413 fiammae,

382 417 439 458 Et
472 417 585 458 mala
616 416 778 457 radices
812 416 940 457 altius
974 417 1100 457 arbor
1133 416 1235 471 agit.

324 474 369 516 Si
401 478 547 516 tamen
579 475 725 515 auxilii
755 475 973 529 perierunt
1006 478 1202 529 tempora
1233 474 1379 529 primi,

381 533 440 574 Et
470 536 593 575 vetus
624 534 671 574 in
702 536 827 588 capto
859 536 1031 588 pectore
1065 533 1173 575 sedit
1207 547 1343 586 amor,

325 592 463 633 Maius
498 606 604 646 opus
639 595 849 646 superest3
882 592 954 633 sed
984 606 1090 646 non,
1122 591 1222 645 quia
1255 592 1388 632 serior
1420 605 1548 647 aegro

255 662 306 686 110
384 651 601 704 Advocor,
631 650 703 691 ille
736 650 841 691 mihi
873 650 1167 691 destituendus
1200 650 1291 690 erit.

325 708 461 757 Quam
492 709 632 749 laesus
665 708 805 749 fuerat
836 712 1020 763 partem,
1050 708 1282 749 Poeantius
1314 708 1439 750 heros

384 765 511 808 Certa
543 767 747 808 debuerat
779 767 1067 822 praesecuisse
1099 781 1246 820 manu,

323 825 428 866 Post
460 829 605 866 tamen
636 825 705 867 hic
737 825 895 866 multos
930 828 1103 866 sanatus
1136 824 1321 867 creditur
1353 839 1486 866 annos

385 883 636 938 Supremam
668 884 792 925 bellis
823 884 1063 938 inposuisse
1095 898 1286 925 manum:

255 954 305 979 115
326 942 408 991 Qui
441 943 567 983 modo
598 942 813 984 nascentis
845 943 1128 996 properabam
1158 942 1315 996 pellere
1346 942 1538 995 morbos,

383 1001 603 1042 Admoveo
636 1001 803 1041 tardam
833 1015 944 1041 1111110
976 1001 1057 1041 tibi
1088 1001 1229 1041 lentus
1264 1014 1399 1054 opem.

324 1059 414 1100 Aut
444 1074 574 1112 nova,
606 1059 641 1099 si
673 1059 832 1113 possis,
866 1059 1011 1099 sedare
1042 1058 1238 1099 incendia
1269 1061 1472 1112 temptes,

383 1117 473 1158 Aut
504 1117 579 1158 ubi
610 1132 685 1171 per
716 1117 825 1157 vires
858 1117 1121 1171 procubuere
1155 1131 1272 1170 suas,

327 1174 435 1216 Cum
465 1175 585 1216 furor
616 1175 661 1215 in
694 1178 880 1229 cursust,
913 1175 1099 1216 currenti
1132 1175 1231 1215 cede
1263 1174 1415 1216 furori!

256 1246 306 1270 120
383 1233 592 1275 Difficiles
626 1233 765 1274 aditus
799 1234 984 1287 impetus
1018 1233 1154 1274 omnis
1187 1233 1328 1273 habet.

327 1291 516 1346 Stultus,
549 1292 601 1332 ab
636 1291 811 1345 obliquo
845 1291 916 1345 qui
949 1306 1045 1332 cum
1077 1291 1327 1332 descendere
1359 1291 1516 1345 possit,

384 1350 555 1405 Pugnat
585 1350 631 1390 111
663 1350 859 1391 adversas
891 1350 953 1390 ire
985 1353 1157 1391 natator
1190 1364 1333 1403 aquas.

326 1409 546 1462 Inpatiens
580 1408 745 1449 animus
778 1423 855 1449 nec
889 1408 1024 1449 adhuc
1053 1407 1298 1449 ‘tractabilis
1332 1410 1421 1448 arte

384 1466 568 1521 Respuit
600 1469 727 1520 atque
761 1466 857 1507 odio
890 1467 1019 1507 verba
1051 1466 1266 1507 monentis
1297 1466 1445 1519 habet,

260 1536 307 1561 125
328 1525 568 1580 Adgrediar
599 1525 751 1565 melius
783 1528 894 1578 tum,
927 1539 1023 1565 cum
1055 1539 1132 1565 sua
1162 1524 1338 1565 vulnera
1370 1523 1492 1578 tangi

385 1584 477 1624 lam
510 1583 621 1624 sinet
653 1586 695 1624 et
726 1583 836 1624 veris
869 1583 1045 1624 vocibus
1079 1585 1202 1636 aptus
1236 1582 1327 1623 erit.

327 1641 430 1693 Quis
463 1644 662 1695 matrem,
692 1641 776 1682 nisi
808 1641 963 1682 mentis
995 1641 1139 1694 inops,
1168 1641 1214 1680 in
1245 1640 1393 1681 funere
1425 1639 1516 1680 nati

385 1699 507 1741 Flere
539 1699 684 1740 vetet?
724 1714 811 1740 non
841 1699 922 1741 hoc
952 1699 1027 1739 illa
1058 1699 1270 1739 monenda
1300 1698 1458 1753 locost3

329 1756 436 1799 Cum
468 1757 630 1799 dederit
666 1757 863 1798 lacrimas
904 1757 1175 1810 animumque
1214 1756 1443 1811 inpleverit
1481 1771 1670 1812 aegrum,

258 1828 308 1852 130
386 1816 463 1857 llle
496 1816 616 1856 dolor
641 1815 782 1856 verbis
815 1816 1121 1856 emoderandus
1155 1815 1246 1856 erit.

327 1874 548 1928 Temporis
582 1888 650 1915 ars
688 1873 896 1915 medicina
933 1874 1079 1915 ferest:
1118 1874 1217 1914 data
1255 1876 1447 1928 tempore
1478 1876 1670 1928 prosunt,

385 1933 444 1973 Et
477 1933 575 1973 data
606 1946 693 1973 non
726 1935 825 1986 apto
858 1936 1048 1986 tempore
1081 1931 1179 1973 vina
1214 1935 1389 1986 nocent,

330 1990 441 2038 Quin
473 1991 602 2032 etiam
635 1991 838 2031 accendas
871 1990 977 2031 vitia
1008 1990 1241 2044 inritesque
1274 1989 1475 2044 vetando,

387 2048 668 2103 Temporibus
702 2048 737 2089 si
768 2063 855 2089 non
887 2048 1133 2104 adgrediare
1167 2048 1265 2089 suis.

260 2118 310 2142 135
330 2106 448 2161 Ergo
481 2107 555 2147 ubi
586 2107 702 2148 visus
736 2107 818 2148 eris
850 2110 1022 2148 nostrae
1054 2106 1318 2147 medicabilis
1351 2106 1451 2159 arti,

387 2164 473 2206 Fac
504 2165 678 2206 monitis
711 2165 851 2219 fugias
885 2166 974 2206 otia
1004 2165 1142 2218 prima
1173 2164 1298 2206 meis:

328 2222 464 2276 Haeo,
495 2226 543 2263 ut
575 2238 709 2277 ames,
740 2223 921 2278 faciunt,
952 2223 1074 2276 haec,
1105 2226 1153 2263 ut
1184 2222 1342 2276 fecere,
1372 2224 1565 2276 tuentur3

386 2280 503 2322 Haec
538 2284 636 2321 sunt
667 2282 841 2322 iucundi
874 2296 1001 2323 causa
1033 2282 1236 2335 cibusque
1269 2280 1389 2335 mali,

330 2338 430 2380 Otia
462 2339 497 2379 si
530 2339 677 2393 tollas,
706 2339 868 2393 periere
901 2338 1122 2394 Cupidinis
1156 2354 1277 2380 arcus
1286 2373 1297 2394 ,
