1674 2662
580 163 640 206 HI,
666 176 718 207 111,
747 174 916 205 14—-1111,
942 173 986 198 37.
1405 164 1455 204 51

18 261 94 298 ΠΙΙ.
122 258 237 299 Dure
269 258 351 311 vir,
381 257 570 312 inposito
604 261 772 299 tenerae
805 258 978 299 custode
1010 258 1175 312 puellae

179 315 254 356 Nil
287 316 398 371 agis:
430 316 648 370 ingeniost
682 330 871 370 quaeque
904 316 1061 357 tuenda
1093 330 1182 357 suo.

123 373 255 428 Siqua
286 377 403 415 metu
435 374 606 428 dempto
641 377 818 427 castast,
851 389 899 415 ea
931 374 1109 427 denique
1143 377 1320 428 castast3

181 431 314 486 Quae,
347 432 446 485 quia
476 446 564 472 non
594 431 738 486 liceat,
767 446 855 473 non
886 432 1007 485 facit,
1038 432 1113 473 illa
1143 432 1257 473 facit.

85 500 100 526 5
121 489 181 531 Ut
211 490 298 531 iam
330 490 510 531 servaris
542 490 649 531 bene
682 504 834 544 corpus
844 524 854 544 ,
886 490 1076 531 adultera
1107 505 1225 532 mens
1258 493 1338 531 est:

179 546 269 589 Nec
301 548 524 601 custodiri,
554 562 607 588 ne
638 546 759 602 velit,
789 548 864 589 illa
894 552 1056 602 potest,

120 605 210 647 Nec
243 619 395 660 corpus
429 620 595 647 servare
626 610 768 660 potes,
799 607 899 647 licet
931 607 1073 647 omnia
1106 606 1294 661 claudas3

179 663 386 705 Omnibus
419 664 600 705 exclusis
631 665 747 705 intus
780 665 945 705 adulter
976 665 1067 705 erit.

120 720 198 763 Cui
229 736 403 776 peccare
434 722 552 775 licet,
582 726 731 776 peccat
762 723 918 763 minus:
950 723 1044 776 ipsa
1074 726 1266 777 potestas

66 790 100 816 10
179 779 350 821 Semina
380 780 596 834 nequitiae
627 781 895 835 languidiora
925 780 1039 822 facit.

118 837 292 890 Desine,
325 838 445 880 crede
477 838 602 892 mihi,
631 839 738 879 vitia
768 839 943 879 inritare
975 839 1175 879 vetando:

177 895 392 950 Obsequio
424 896 566 937 vinces
600 897 740 950 aptius
771 896 846 936 illa
877 899 964 937 tuo.

116 953 216 994 Vidi
248 968 327 1009 ego
358 968 493 1008 nuper
524 969 680 1007 equum
711 957 859 995 contra
892 968 968 994 sua
999 954 1138 995 vincla
1169 957 1362 995 tenacem

175 1011 257 1053 Ore
287 1011 516 1054 reluctanti
546 1012 737 1053 fulminis
769 1012 830 1052 ire
862 1012 1008 1066 modo,

65 1082 96 1106 15
117 1068 341 1125 Constitit,
372 1073 420 1111 ut
450 1070 636 1124 primum
668 1084 890 1112 concessas
923 1069 1055 1111 sensit
1085 1070 1274 1111 habenas

173 1127 395 1182 Frenaque
425 1128 472 1168 in
502 1129 635 1169 effusa
664 1128 761 1169 laxa
791 1129 927 1170 iacere
959 1128 1071 1169 iuba.

115 1185 306 1227 Nitimur
335 1186 381 1227 in
410 1186 593 1227 vetitum
624 1201 789 1241 semper
820 1186 1097 1240 cupimusque
1128 1190 1301 1241 negata:

176 1243 244 1285 Sic
275 1244 514 1285 interdictis
545 1244 725 1285 inminet
758 1258 883 1299 aeger
915 1245 1047 1297 aquis.

116 1302 299 1344 Centum
329 1302 469 1343 fronte
502 1302 666 1356 oculos,
698 1305 868 1343 centum
900 1302 1060 1343 cervice
1094 1302 1269 1356 gerebat

63 1371 96 1396 20
174 1361 335 1415 Argus:
368 1364 410 1401 et
440 1360 518 1401 hos
551 1375 659 1401 unus
692 1375 816 1414 saepe
847 1359 1001 1400 fefellit
1032 1360 1183 1413 Amor,

115 1418 166 1460 In
197 1418 434 1460 thalamum
465 1418 613 1459 Danae
644 1418 757 1459 ferro
791 1432 975 1471 saxoque
1007 1432 1235 1472 perennem

175 1476 290 1525 Quae
321 1476 461 1517 fuerat
492 1476 613 1531 virgo
646 1477 821 1530 tradita,
853 1480 990 1517 mater
1021 1479 1128 1518 erat:

115 1534 326 1589 Penelope
358 1534 533 1588 mansit,
565 1535 758 1588 quamvis
791 1535 964 1575 custode
997 1534 1188 1588 carebat,

173 1593 291 1634 Inter
320 1596 387 1634 tot
417 1593 589 1633 iuvenes
621 1592 875 1633 intemerata
906 1606 1070 1646 procos.

63 1661 95 1686 25
116 1650 328 1705 Quidquid
361 1653 571 1705 servatm,
602 1651 794 1705 cupimus
827 1651 983 1705 magis,
1013 1651 1189 1704 ipsaque
1220 1649 1358 1690 furem

174 1708 286 1750 Cura
315 1712 457 1750 vocat:
488 1709 631 1764 pauci,
663 1709 776 1762 quod
808 1709 911 1749 sinit
943 1709 1068 1763 alter,
1100 1711 1255 1749 amant.

115 1766 205 1808 Nec
236 1767 344 1808 facie
374 1767 515 1821 placet
544 1767 620 1807 illa
651 1782 745 1821 sua,
777 1768 849 1808 sed
881 1781 1023 1807 amore
1055 1766 1215 1807 mariti:

172 1823 328 1866 Nescio
362 1825 480 1879 quid,
512 1825 624 1878 quod
655 1828 698 1866 te
731 1825 907 1879 ceperit,
939 1839 1029 1866 esse
1060 1827 1225 1878 putant.

114 1881 214 1923 Non
244 1883 379 1937 proba
409 1883 476 1937 fit,
509 1897 636 1935 quam
666 1883 731 1923 vir
763 1886 921 1936 servat,
953 1883 1025 1923 sed
1057 1882 1249 1923 adultera
1281 1896 1393 1923 cara:

63 1951 96 1976 30
173 1940 270 1994 Ipse
301 1941 432 1982 timor
461 1940 647 1994 pretium
679 1955 854 1995 corpore
887 1940 1022 1981 maius
1055 1940 1196 1981 habet.

114 1998 338 2053 Indignere
370 1998 489 2053 licet,
517 1999 637 2039 iuvat
666 1998 915 2040 inconcessa
945 1998 1160 2052 voluptas:

174 2055 274 2097 Sola
304 2057 462 2111 placet,
493 2055 655 2097 etimeo'
687 2056 823 2098 dicere
856 2057 978 2109 siqua
1007 2059 1162 2110 potest.

113 2113 202 2155 Nec
235 2117 380 2155 tamen
408 2115 639 2169 ingenuam
669 2114 735 2155 ius
769 2117 833 2155 est
866 2128 1032 2155 servare
1063 2114 1265 2168 puellam:

171 2171 253 2214 Hic
285 2175 423 2213 metus
456 2175 653 2213 externae
686 2186 864 2226 corpora
896 2172 1035 2227 gentis
1068 2174 1185 2227 agat!

61 2239 94 2266 35
115 2228 286 2272 Scilicet
315 2233 364 2271 ut
394 2230 532 2284 possit
564 2234 708 2271 custos
741 2226 851 2285 ‘ego'
885 2231 1022 2272 dicere
1055 2230 1185 2285 ‘feci',

170 2289 220 2329 In
250 2288 419 2329 laudem
451 2288 560 2329 servi
592 2292 710 2330 casta
742 2288 798 2329 sit
828 2288 902 2329 illa
933 2288 1027 2329 tui‘?

113 2344 316 2389 Rusticus
347 2350 412 2388 est
442 2345 639 2401 nimium,
672 2361 796 2400 quem
826 2346 957 2388 laedit
989 2346 1180 2388 adultera
1212 2347 1412 2401 coniunx,

1117 2416 1165 2448 4ss
