1674 2662
419 134 513 169 XVI.
542 134 685 180 [xva]
712 133 935 168 HELENE
964 143 1123 169 104—177.
1342 134 1426 175 145

89 229 193 272 Sum
224 229 340 271 rudis
367 230 419 271 ad
451 229 630 270 Veneris
662 229 843 283 furtum,
873 228 1072 283 nullaque
1105 229 1273 270 fidelem

147 288 218 339 (Di
250 288 354 329 mihi
387 291 487 329 sunt
518 287 668 337 testes]
700 287 880 328 lusimus
914 290 1004 328 arte
1036 287 1192 342 virum3

89 346 213 388 Nunc
252 361 437 400 quoque,
475 347 587 400 quod
625 346 757 387 tacito
790 346 944 386 mando
977 360 1072 386 mea
1102 346 1232 387 verba
1263 346 1429 401 libello,

118 409 120 411 ’
147 405 361 460 Fungitur
394 405 535 446 officio
568 405 713 445 littera
743 407 892 445 nostra
922 418 1045 444 novo.

19 476 70 501 145
89 463 270 517 Felices,
302 463 455 518 quibus
488 478 590 504 usus
623 463 758 503 adest!
791 476 870 516 ego
902 462 1046 503 nescia
1076 477 1217 504 rerum

147 521 379 563 Difficilem
412 521 558 575 culpae
592 521 784 575 suspicor
815 535 906 561 esse
938 521 1062 562 viam.

89 581 185 635 Ipse
218 580 329 621 malo
363 582 501 620 metus
534 583 615 620 est:
648 580 734 620 iam
764 593 876 620 nunc
909 579 1146 620 confundor
1178 582 1220 620 et
1253 593 1397 620 omnes

147 638 198 679 111
227 638 386 679 nostris
421 638 565 679 oculos
598 638 787 679 vultibus
820 652 910 678 esse
942 652 1048 678 reor.

89 696 179 738 Nec
211 711 306 737 reor
336 697 417 737 hoc
449 697 576 737 falso:
610 696 722 737 sensi
754 696 867 737 mala
898 711 1115 736 murmura
1147 695 1282 751 vulgi,

21 766 70 792 150
148 755 207 795 Et
240 755 444 808 quasdam
475 769 599 796 voces
631 754 799 795 rettulit
833 754 994 794 Aethra
1025 754 1143 795 mihi.

90 814 149 854 At
181 816 228 853 tu
260 813 498 867 dissimula,
528 813 612 854 nisi
645 813 681 854 si
713 813 915 853 desistere
947 813 1099 853 mavis!

149 869 229 912 Sed
261 886 334 913 cur
366 871 576 912 desistas?
609 871 874 912 dissimulare
906 874 1040 924 potes.

88 928 224 983 Lude,
256 930 328 970 sed
361 929 541 970 occulte!
574 929 727 982 maior,
758 943 844 969 non
875 929 1079 983 maxima,
1109 929 1234 970 nobis

146 987 227 1028 Est
258 988 358 1028 data
387 987 584 1041 libertas,
616 988 728 1041 quod
758 987 976 1028 Menelaus
1010 987 1148 1042 abest3

36 1057 68 1082 55
89 1045 166 1086 Ille
199 1046 368 1099 quidem
399 1046 548 1100 procul
580 1049 663 1100 est,
692 1046 755 1086 ita
785 1060 830 1086 re
863 1048 1060 1100 cooente,
1091 1046 1327 1099 profectus:

145 1103 304 1159 Maona
334 1104 417 1145 fuit
449 1104 614 1145 subitae
645 1105 842 1158 iustaque
875 1119 1002 1145 causa
1033 1104 1147 1158 viae3

89 1162 177 1203 Aut
209 1162 314 1203 mihi
347 1163 406 1203 010
438 1163 636 1203 visumst:
669 1176 769 1217 ego,
799 1177 896 1204 cum
927 1138 1160 1217 (1111111301οἐ,
1193 1177 1247 1203 011
1277 1162 1377 1217 iret,

149 1219 301 1268 ‘Quam
331 1220 532 1274 primum'
565 1221 650 1261 dixi
684 1221 765 1261 “fac
796 1221 1008 1261 rediturus
1042 1220 1145 1262 easl'

91 1277 240 1319 Omine
272 1279 456 1319 laetatus
489 1279 604 1319 dedit
637 1279 798 1332 oscula,
831 1278 927 1319 ‘res’
963 1293 1042 1332 que
1076 1279 1325 1332 ‘domusque

36 1348 70 1373 60
148 1337 205 1377 Et
236 1337 317 1377 tibi
350 1337 405 1377 sit
438 1336 562 1378 cura'e
594 1336 769 1378 Troicus
801 1335 973 1390 hospes'
1006 1337 1077 1377 ait.

89 1394 172 1435 Vix
204 1395 321 1435 tenui
354 1395 505 1449 risum,
538 1410 663 1449 quem
694 1396 794 1436 dum
826 1409 1076 1448 conpescere
1108 1395 1265 1449 luctor,

148 1453 221 1493 Nil
252 1453 315 1493 illi
347 1454 468 1507 potui
501 1454 637 1494 dicere
669 1456 837 1507 praeter
870 1453 993 1493 ‘erit’.

89 1511 195 1552 Vela
228 1512 398 1565 quidem
432 1510 587 1553 Creten
619 1512 756 1553 ventis
789 1511 903 1552 dedit
934 1511 1005 1552 1110
1039 1511 1252 1566 secundis3

149 1569 231 1610 Sed
262 1573 309 1610 tu
340 1584 427 1611 non
456 1570 551 1611 ideo
585 1573 737 1611 cuncta
767 1570 894 1611 licere
926 1571 1045 1623 puta!

37 1639 70 1664 65
91 1627 159 1669 Sic
192 1642 311 1669 meus
342 1628 442 1669 hinc
473 1629 538 1669 vir
570 1629 703 1680 abest,
736 1631 783 1669 ut
814 1643 880 1669 me
914 1628 1127 1669 custodiat
1160 1628 1323 1668 absens.

147 1685 217 1726 An
247 1686 384 1728 nescis
417 1686 569 1741 longas
600 1687 774 1741 regibus
807 1701 897 1727 esse
930 1686 1110 1727 manus?

91 1743 225 1784 Fama
257 1748 468 1798 quoquest
501 1745 638 1786 oneri:
670 1760 769 1786 nam
802 1759 884 1799 quo
919 1744 1185 1786 constantius
1219 1758 1290 1785 ore

147 1801 391 1843 Laudamur
422 1806 578 1857 vestro,
608 1803 763 1844 iustius
796 1804 868 1844 ille
900 1803 1034 1843 timet.

91 1859 207 1908 Quae
238 1860 368 1914 iuvat,
399 1864 447 1901 ut
477 1876 588 1902 nunc
622 1865 704 1915 est,
736 1862 882 1902 eadem
913 1861 1019 1902 mihi
1053 1861 1189 1916 gloria
1221 1861 1431 1916 damnost7

39 1929 72 1954 ⁷0
148 1918 206 1959 Et
238 1919 389 1960 melius
421 1919 560 1960 famae
591 1920 720 1960 verba
752 1920 916 1960 dedisse
947 1919 1041 1959 fuit.

91 1975 181 2017 Nec
213 1977 325 2029 quod
358 1978 479 2018 abest
510 1977 579 2019 hic
612 1993 678 2018 me
711 1981 852 2019 tecum
883 1977 1037 2018 mirare
1070 1977 1235 2019 relicta:

149 2033 341 2075 Moribus
373 2039 415 2076 et
447 2035 559 2076 vitae
593 2036 769 2077 credidit
800 2036 871 2076 ille
904 2050 1033 2076 meae.

90 2091 154 2132 De
187 2092 293 2133 facie
326 2094 497 2148 metuit,
528 2094 641 2135 vitae
675 2094 867 2148 confidit,
899 2097 941 2134 et
970 2094 1093 2134 illum

152 2148 355 2192 Securum
385 2128 598 2206 probitas,
630 2152 767 2193 forma
797 2152 947 2193 timere
978 2152 1092 2193 facit.

39 2219 72 2245 ⁷5
93 2207 303 2262 Tempoia
333 2224 386 2250 ne
418 2214 592 2264 peieant
624 2210 737 2251 ultro
771 2211 887 2264 data,
917 2210 1145 2276 praecipis,
1176 2214 1308 2266 utque

151 2265 366 2321 Simplicis
398 2271 570 2309 utamur
602 2269 903 2310 commoditate
936 2269 1033 2310 viri:

91 2324 149 2365 Et
180 2325 286 2367 libet
317 2329 359 2366 et
391 2326 544 2382 timec,
572 2342 648 2369 nec
681 2328 816 2369 adhuc
850 2330 997 2369 exacta
1027 2327 1226 2369 voluntas

166 2401 255 2426 Ovm.
274 2401 299 2426 I.
1104 2400 1146 2430 10
