<?xml version="1.0" encoding="UTF-8"?>
<!DOCTYPE html PUBLIC "-//W3C//DTD XHTML 1.0 Transitional//EN"
    "http://www.w3.org/TR/xhtml1/DTD/xhtml1-transitional.dtd">
<html xmlns="http://www.w3.org/1999/xhtml" xml:lang="en" lang="en">
 <head>
  <title>
</title>
<meta http-equiv="Content-Type" content="text/html;charset=utf-8" />
  <meta name='ocr-system' content='tesseract 3.04.00' />
  <meta name='ocr-capabilities' content='ocr_page ocr_carea ocr_par ocr_line ocrx_word'/>
</head>
<body>
  <div class='ocr_page' id='page_1' title='image "./operaovid03oviduoft_0154.png"; bbox 0 0 1690 2656; ppageno 0'>
   <div class='ocr_carea' id='block_1_1' title="bbox 267 143 1082 188">
    <p class='ocr_par' dir='ltr' id='par_1_1' title="bbox 267 143 1082 188">
     <span class='ocr_line' id='line_1_1' title="bbox 267 143 1082 188; baseline -0.013 0"><span class='ocrx_word' id='word_1_1' title='bbox 267 146 351 188; x_wconf 80' lang='grc'>102</span> <span class='ocrx_word' id='word_1_2' title='bbox 790 143 1082 179; x_wconf 81' lang='lat' dir='ltr'>HEROIDEs.</span> 
     </span>
    </p>
   </div>
   <div class='ocr_carea' id='block_1_2' title="bbox 211 239 1613 2398">
    <p class='ocr_par' dir='ltr' id='par_1_2' title="bbox 211 239 1613 2398">
     <span class='ocr_line' id='line_1_2' title="bbox 264 239 1321 297; baseline -0.004 -13"><span class='ocrx_word' id='word_1_3' title='bbox 264 242 322 283; x_wconf 90' lang='lat' dir='ltr'>Et</span> <span class='ocrx_word' id='word_1_4' title='bbox 354 245 476 297; x_wconf 87' lang='lat' dir='ltr'>pater</span> <span class='ocrx_word' id='word_1_5' title='bbox 508 242 703 297; x_wconf 83' lang='lat' dir='ltr'>ignoscet</span> <span class='ocrx_word' id='word_1_6' title='bbox 734 243 884 281; x_wconf 88' lang='lat' dir='ltr'>nostro</span> <span class='ocrx_word' id='word_1_7' title='bbox 916 239 1135 281; x_wconf 79' lang='lat' dir='ltr'>Menelaus</span> <span class='ocrx_word' id='word_1_8' title='bbox 1169 239 1321 280; x_wconf 86' lang='lat' dir='ltr'>amori:</span> 
     </span>
     <span class='ocr_line' id='line_1_3' title="bbox 325 298 1177 354; baseline -0.004 -12"><span class='ocrx_word' id='word_1_9' title='bbox 325 299 560 342; x_wconf 77' lang='lat' dir='ltr'>Succubuit</span> <span class='ocrx_word' id='word_1_10' title='bbox 591 300 689 340; x_wconf 88' lang='lat' dir='ltr'>telis</span> <span class='ocrx_word' id='word_1_11' title='bbox 721 298 937 354; x_wconf 84' lang='lat' dir='ltr'>praepetis</span> <span class='ocrx_word' id='word_1_12' title='bbox 968 299 1060 353; x_wconf 91' lang='lat' dir='ltr'>ipse</span> <span class='ocrx_word' id='word_1_13' title='bbox 1093 298 1177 352; x_wconf 74' lang='lat' dir='ltr'>de13</span> 
     </span>
     <span class='ocr_line' id='line_1_4' title="bbox 265 356 1425 412; baseline -0.003 -12"><span class='ocrx_word' id='word_1_14' title='bbox 265 358 401 408; x_wconf 83' lang='lat' dir='ltr'>Quem</span> <span class='ocrx_word' id='word_1_15' title='bbox 434 359 515 400; x_wconf 84' lang='lat' dir='ltr'>sibi</span> <span class='ocrx_word' id='word_1_16' title='bbox 547 357 762 412; x_wconf 75' lang='lat' dir='ltr'>permisit,</span> <span class='ocrx_word' id='word_1_17' title='bbox 794 371 949 412; x_wconf 87' lang='lat' dir='ltr'>genero</span> <span class='ocrx_word' id='word_1_18' title='bbox 984 356 1186 398; x_wconf 87' lang='lat' dir='ltr'>concedet</span> <span class='ocrx_word' id='word_1_19' title='bbox 1219 369 1425 411; x_wconf 80' lang='lat' dir='ltr'>amorem3</span> 
     </span>
     <span class='ocr_line' id='line_1_5' title="bbox 211 416 1212 470; baseline -0.003 -12"><span class='ocrx_word' id='word_1_20' title='bbox 211 428 245 453; x_wconf 86' lang='lat'>40</span> <span class='ocrx_word' id='word_1_21' title='bbox 323 417 519 458; x_wconf 85' lang='lat' dir='ltr'>Proderit</span> <span class='ocrx_word' id='word_1_22' title='bbox 552 416 746 470; x_wconf 82' lang='lat' dir='ltr'>exemplo</span> <span class='ocrx_word' id='word_1_23' title='bbox 779 419 916 457; x_wconf 88' lang='lat' dir='ltr'>mater</span> <span class='ocrx_word' id='word_1_24' title='bbox 949 418 1092 457; x_wconf 85' lang='lat' dir='ltr'>amata</span> <span class='ocrx_word' id='word_1_25' title='bbox 1124 429 1212 456; x_wconf 80' lang='lat' dir='ltr'>suo‚</span> 
     </span>
     <span class='ocr_line' id='line_1_6' title="bbox 265 472 1512 529; baseline -0.002 -13"><span class='ocrx_word' id='word_1_26' title='bbox 265 475 330 516; x_wconf 89' lang='lat' dir='ltr'>Tu</span> <span class='ocrx_word' id='word_1_27' title='bbox 362 476 485 529; x_wconf 90' lang='lat' dir='ltr'>mihi,</span> <span class='ocrx_word' id='word_1_28' title='bbox 519 475 632 528; x_wconf 88' lang='lat' dir='ltr'>quod</span> <span class='ocrx_word' id='word_1_29' title='bbox 663 474 791 515; x_wconf 89' lang='lat' dir='ltr'>matri</span> <span class='ocrx_word' id='word_1_30' title='bbox 822 478 946 529; x_wconf 85' lang='lat' dir='ltr'>pater</span> <span class='ocrx_word' id='word_1_31' title='bbox 978 477 1060 528; x_wconf 81' lang='lat' dir='ltr'>est3</span> <span class='ocrx_word' id='word_1_32' title='bbox 1092 488 1197 527; x_wconf 87' lang='lat' dir='ltr'>quas</span> <span class='ocrx_word' id='word_1_33' title='bbox 1231 475 1378 528; x_wconf 86' lang='lat' dir='ltr'>egerat</span> <span class='ocrx_word' id='word_1_34' title='bbox 1411 472 1512 513; x_wconf 88' lang='lat' dir='ltr'>olim</span> 
     </span>
     <span class='ocr_line' id='line_1_7' title="bbox 324 532 1303 587; baseline -0.003 -12"><span class='ocrx_word' id='word_1_35' title='bbox 324 533 567 575; x_wconf 88' lang='lat' dir='ltr'>Dardanius</span> <span class='ocrx_word' id='word_1_36' title='bbox 600 533 737 587; x_wconf 88' lang='lat' dir='ltr'>partis</span> <span class='ocrx_word' id='word_1_37' title='bbox 770 533 948 587; x_wconf 82' lang='lat' dir='ltr'>advena,</span> <span class='ocrx_word' id='word_1_38' title='bbox 978 532 1168 586; x_wconf 79' lang='lat' dir='ltr'>Pyrrhus</span> <span class='ocrx_word' id='word_1_39' title='bbox 1202 532 1303 587; x_wconf 89' lang='lat' dir='ltr'>agit.</span> 
     </span>
     <span class='ocr_line' id='line_1_8' title="bbox 265 591 1309 646; baseline -0.001 -14"><span class='ocrx_word' id='word_1_40' title='bbox 265 592 342 633; x_wconf 84' lang='lat' dir='ltr'>Ille</span> <span class='ocrx_word' id='word_1_41' title='bbox 374 592 476 634; x_wconf 90' lang='lat' dir='ltr'>licet</span> <span class='ocrx_word' id='word_1_42' title='bbox 507 591 658 646; x_wconf 89' lang='lat' dir='ltr'>patriis</span> <span class='ocrx_word' id='word_1_43' title='bbox 693 591 783 632; x_wconf 88' lang='lat' dir='ltr'>sine</span> <span class='ocrx_word' id='word_1_44' title='bbox 815 592 899 632; x_wconf 91' lang='lat' dir='ltr'>fine</span> <span class='ocrx_word' id='word_1_45' title='bbox 933 591 1152 645; x_wconf 85' lang='lat' dir='ltr'>superbiat</span> <span class='ocrx_word' id='word_1_46' title='bbox 1185 591 1309 632; x_wconf 88' lang='lat' dir='ltr'>actis:</span> 
     </span>
     <span class='ocr_line' id='line_1_9' title="bbox 324 649 1374 705; baseline -0.003 -13"><span class='ocrx_word' id='word_1_47' title='bbox 324 651 383 692; x_wconf 86' lang='lat' dir='ltr'>Et</span> <span class='ocrx_word' id='word_1_48' title='bbox 414 654 481 705; x_wconf 92' lang='lat' dir='ltr'>tu,</span> <span class='ocrx_word' id='word_1_49' title='bbox 512 664 619 704; x_wconf 88' lang='lat' dir='ltr'>quae</span> <span class='ocrx_word' id='word_1_50' title='bbox 651 650 811 691; x_wconf 82' lang='lat' dir='ltr'>referas</span> <span class='ocrx_word' id='word_1_51' title='bbox 843 650 960 691; x_wconf 85' lang='lat' dir='ltr'>facta</span> <span class='ocrx_word' id='word_1_52' title='bbox 990 649 1200 704; x_wconf 90' lang='lat' dir='ltr'>parentis,</span> <span class='ocrx_word' id='word_1_53' title='bbox 1230 649 1374 690; x_wconf 86' lang='lat' dir='ltr'>habes.</span> 
     </span>
     <span class='ocr_line' id='line_1_10' title="bbox 212 707 1419 763; baseline -0.002 -13"><span class='ocrx_word' id='word_1_54' title='bbox 212 720 246 745; x_wconf 76' lang='lat'>45</span> <span class='ocrx_word' id='word_1_55' title='bbox 266 709 513 750; x_wconf 85' lang='lat' dir='ltr'>Tantalides</span> <span class='ocrx_word' id='word_1_56' title='bbox 547 708 685 750; x_wconf 90' lang='lat' dir='ltr'>omnis</span> <span class='ocrx_word' id='word_1_57' title='bbox 717 708 945 763; x_wconf 87' lang='lat' dir='ltr'>ipsumque</span> <span class='ocrx_word' id='word_1_58' title='bbox 977 708 1155 763; x_wconf 84' lang='lat' dir='ltr'>regebat</span> <span class='ocrx_word' id='word_1_59' title='bbox 1188 707 1419 762; x_wconf 66' lang='lat' dir='ltr'>Achillem,</span> 
     </span>
     <span class='ocr_line' id='line_1_11' title="bbox 324 766 1611 822; baseline -0.002 -13"><span class='ocrx_word' id='word_1_60' title='bbox 324 767 406 809; x_wconf 88' lang='lat' dir='ltr'>Hic</span> <span class='ocrx_word' id='word_1_61' title='bbox 437 782 536 822; x_wconf 89' lang='lat' dir='ltr'>pars</span> <span class='ocrx_word' id='word_1_62' title='bbox 568 767 768 822; x_wconf 85' lang='lat' dir='ltr'>militiae,</span> <span class='ocrx_word' id='word_1_63' title='bbox 800 767 885 808; x_wconf 83' lang='lat' dir='ltr'>dux</span> <span class='ocrx_word' id='word_1_64' title='bbox 917 770 1008 808; x_wconf 89' lang='lat' dir='ltr'>erat</span> <span class='ocrx_word' id='word_1_65' title='bbox 1038 766 1110 807; x_wconf 91' lang='lat' dir='ltr'>ille</span> <span class='ocrx_word' id='word_1_66' title='bbox 1142 766 1307 807; x_wconf 90' lang='lat' dir='ltr'>ducum.</span> <span class='ocrx_word' id='word_1_67' title='bbox 1488 767 1611 821; x_wconf 81' lang='lat' dir='ltr'>[tem3</span> 
     </span>
     <span class='ocr_line' id='line_1_12' title="bbox 264 824 1612 880; baseline -0.002 -13"><span class='ocrx_word' id='word_1_68' title='bbox 264 826 329 867; x_wconf 87' lang='lat' dir='ltr'>Tu</span> <span class='ocrx_word' id='word_1_69' title='bbox 356 840 524 880; x_wconf 88' lang='lat' dir='ltr'>quoque</span> <span class='ocrx_word' id='word_1_70' title='bbox 549 825 682 866; x_wconf 88' lang='lat' dir='ltr'>habes</span> <span class='ocrx_word' id='word_1_71' title='bbox 714 840 922 880; x_wconf 76' lang='lat' dir='ltr'>proavum</span> <span class='ocrx_word' id='word_1_72' title='bbox 948 825 1151 879; x_wconf 86' lang='lat' dir='ltr'>Pelopem</span> <span class='ocrx_word' id='word_1_73' title='bbox 1176 824 1432 878; x_wconf 83' lang='lat' dir='ltr'>Pelopisque</span> <span class='ocrx_word' id='word_1_74' title='bbox 1464 839 1612 878; x_wconf 88' lang='lat' dir='ltr'>paren-</span> 
     </span>
     <span class='ocr_line' id='line_1_13' title="bbox 326 883 1329 939; baseline -0.001 -14"><span class='ocrx_word' id='word_1_75' title='bbox 326 884 371 926; x_wconf 76' lang='lat' dir='ltr'>Si</span> <span class='ocrx_word' id='word_1_76' title='bbox 403 885 554 925; x_wconf 90' lang='lat' dir='ltr'>melius</span> <span class='ocrx_word' id='word_1_77' title='bbox 586 899 802 939; x_wconf 80' lang='lat' dir='ltr'>numeres,</span> <span class='ocrx_word' id='word_1_78' title='bbox 838 899 862 926; x_wconf 91' lang='lat' dir='ltr'>a</span> <span class='ocrx_word' id='word_1_79' title='bbox 892 884 994 926; x_wconf 87' lang='lat' dir='ltr'>Iove</span> <span class='ocrx_word' id='word_1_80' title='bbox 1027 883 1202 937; x_wconf 89' lang='lat' dir='ltr'>quintus</span> <span class='ocrx_word' id='word_1_81' title='bbox 1235 883 1329 924; x_wconf 88' lang='lat' dir='ltr'>eris.</span> 
     </span>
     <span class='ocr_line' id='line_1_14' title="bbox 264 941 1296 985; baseline -0.002 -1"><span class='ocrx_word' id='word_1_82' title='bbox 264 942 356 985; x_wconf 89' lang='lat' dir='ltr'>Nec</span> <span class='ocrx_word' id='word_1_83' title='bbox 387 943 549 984; x_wconf 78' lang='lat' dir='ltr'>virtute</span> <span class='ocrx_word' id='word_1_84' title='bbox 580 944 714 984; x_wconf 80' lang='lat' dir='ltr'>cares!</span> <span class='ocrx_word' id='word_1_85' title='bbox 748 957 867 983; x_wconf 89' lang='lat' dir='ltr'>arma</span> <span class='ocrx_word' id='word_1_86' title='bbox 896 942 1108 984; x_wconf 80' lang='lat' dir='ltr'>invidiosa</span> <span class='ocrx_word' id='word_1_87' title='bbox 1139 941 1296 982; x_wconf 86' lang='lat' dir='ltr'>tulisti:</span> 
     </span>
     <span class='ocr_line' id='line_1_15' title="bbox 211 1000 1281 1055; baseline -0.003 -12"><span class='ocrx_word' id='word_1_88' title='bbox 211 1012 246 1038; x_wconf 87' lang='lat'>50</span> <span class='ocrx_word' id='word_1_89' title='bbox 326 1000 408 1043; x_wconf 81' lang='lat' dir='ltr'>Sed</span> <span class='ocrx_word' id='word_1_90' title='bbox 439 1004 487 1042; x_wconf 92' lang='lat' dir='ltr'>tu</span> <span class='ocrx_word' id='word_1_91' title='bbox 520 1001 621 1055; x_wconf 88' lang='lat' dir='ltr'>quid</span> <span class='ocrx_word' id='word_1_92' title='bbox 651 1001 842 1042; x_wconf 76' lang='lat' dir='ltr'>faceres?</span> <span class='ocrx_word' id='word_1_93' title='bbox 874 1001 1014 1041; x_wconf 89' lang='lat' dir='ltr'>induit</span> <span class='ocrx_word' id='word_1_94' title='bbox 1045 1000 1119 1041; x_wconf 91' lang='lat' dir='ltr'>illa</span> <span class='ocrx_word' id='word_1_95' title='bbox 1149 1003 1281 1054; x_wconf 87' lang='lat' dir='ltr'>pater.</span> 
     </span>
     <span class='ocr_line' id='line_1_16' title="bbox 264 1058 1201 1102; baseline -0.002 -1"><span class='ocrx_word' id='word_1_96' title='bbox 264 1060 447 1102; x_wconf 83' lang='lat' dir='ltr'>Materia</span> <span class='ocrx_word' id='word_1_97' title='bbox 478 1059 632 1100; x_wconf 86' lang='lat' dir='ltr'>vellem</span> <span class='ocrx_word' id='word_1_98' title='bbox 663 1059 789 1100; x_wconf 83' lang='lat' dir='ltr'>fortis</span> <span class='ocrx_word' id='word_1_99' title='bbox 822 1059 996 1100; x_wconf 86' lang='lat' dir='ltr'>meliore</span> <span class='ocrx_word' id='word_1_100' title='bbox 1029 1058 1201 1099; x_wconf 84' lang='lat' dir='ltr'>fuisses:</span> 
     </span>
     <span class='ocr_line' id='line_1_17' title="bbox 323 1117 1293 1172; baseline -0.002 -13"><span class='ocrx_word' id='word_1_101' title='bbox 323 1118 425 1159; x_wconf 89' lang='lat' dir='ltr'>Non</span> <span class='ocrx_word' id='word_1_102' title='bbox 455 1118 610 1159; x_wconf 88' lang='lat' dir='ltr'>lectast</span> <span class='ocrx_word' id='word_1_103' title='bbox 643 1117 780 1172; x_wconf 89' lang='lat' dir='ltr'>operi,</span> <span class='ocrx_word' id='word_1_104' title='bbox 811 1118 884 1158; x_wconf 91' lang='lat' dir='ltr'>sed</span> <span class='ocrx_word' id='word_1_105' title='bbox 917 1118 1016 1158; x_wconf 89' lang='lat' dir='ltr'>data</span> <span class='ocrx_word' id='word_1_106' title='bbox 1048 1132 1175 1158; x_wconf 86' lang='lat' dir='ltr'>causa</span> <span class='ocrx_word' id='word_1_107' title='bbox 1206 1119 1293 1157; x_wconf 87' lang='lat' dir='ltr'>tuo.</span> 
     </span>
     <span class='ocr_line' id='line_1_18' title="bbox 264 1174 1502 1231; baseline -0.002 -13"><span class='ocrx_word' id='word_1_108' title='bbox 264 1177 388 1218; x_wconf 88' lang='lat' dir='ltr'>Hanc</span> <span class='ocrx_word' id='word_1_109' title='bbox 420 1180 566 1217; x_wconf 90' lang='lat' dir='ltr'>tamen</span> <span class='ocrx_word' id='word_1_110' title='bbox 595 1175 790 1231; x_wconf 89' lang='lat' dir='ltr'>inplesti,</span> <span class='ocrx_word' id='word_1_111' title='bbox 820 1176 1053 1231; x_wconf 87' lang='lat' dir='ltr'>iuguloque</span> <span class='ocrx_word' id='word_1_112' title='bbox 1084 1174 1321 1230; x_wconf 70' lang='lat' dir='ltr'>Aegisthus</span> <span class='ocrx_word' id='word_1_113' title='bbox 1354 1178 1502 1229; x_wconf 86' lang='lat' dir='ltr'>aperto</span> 
     </span>
     <span class='ocr_line' id='line_1_19' title="bbox 325 1234 1313 1288; baseline -0.002 -12"><span class='ocrx_word' id='word_1_114' title='bbox 325 1235 456 1276; x_wconf 87' lang='lat' dir='ltr'>Tecta</span> <span class='ocrx_word' id='word_1_115' title='bbox 489 1234 747 1288; x_wconf 68' lang='lat' dir='ltr'>cruentavit,</span> <span class='ocrx_word' id='word_1_116' title='bbox 779 1249 885 1288; x_wconf 89' lang='lat' dir='ltr'>quae</span> <span class='ocrx_word' id='word_1_117' title='bbox 917 1237 1039 1288; x_wconf 84' lang='lat' dir='ltr'>pater</span> <span class='ocrx_word' id='word_1_118' title='bbox 1071 1236 1168 1274; x_wconf 90' lang='lat' dir='ltr'>ante</span> <span class='ocrx_word' id='word_1_119' title='bbox 1201 1237 1313 1274; x_wconf 89' lang='lat' dir='ltr'>tuus.</span> 
     </span>
     <span class='ocr_line' id='line_1_20' title="bbox 213 1291 1454 1348; baseline -0.002 -13"><span class='ocrx_word' id='word_1_120' title='bbox 213 1304 246 1330; x_wconf 88' lang='lat'>55</span> <span class='ocrx_word' id='word_1_121' title='bbox 266 1294 465 1348; x_wconf 84' lang='lat' dir='ltr'>Increpat</span> <span class='ocrx_word' id='word_1_122' title='bbox 498 1292 703 1334; x_wconf 76' lang='lat' dir='ltr'>Aeacides</span> <span class='ocrx_word' id='word_1_123' title='bbox 735 1292 987 1346; x_wconf 89' lang='lat' dir='ltr'>laudemque</span> <span class='ocrx_word' id='word_1_124' title='bbox 1020 1292 1066 1332; x_wconf 91' lang='lat' dir='ltr'>in</span> <span class='ocrx_word' id='word_1_125' title='bbox 1097 1291 1275 1333; x_wconf 88' lang='lat' dir='ltr'>crimina</span> <span class='ocrx_word' id='word_1_126' title='bbox 1306 1292 1454 1346; x_wconf 85' lang='lat' dir='ltr'>vertit,</span> 
     </span>
     <span class='ocr_line' id='line_1_21' title="bbox 324 1350 1303 1405; baseline -0.003 -12"><span class='ocrx_word' id='word_1_127' title='bbox 324 1352 382 1393; x_wconf 88' lang='lat' dir='ltr'>Et</span> <span class='ocrx_word' id='word_1_128' title='bbox 415 1355 560 1393; x_wconf 87' lang='lat' dir='ltr'>tamen</span> <span class='ocrx_word' id='word_1_129' title='bbox 592 1351 819 1405; x_wconf 88' lang='lat' dir='ltr'>adspectus</span> <span class='ocrx_word' id='word_1_130' title='bbox 853 1350 1037 1392; x_wconf 87' lang='lat' dir='ltr'>sustinet</span> <span class='ocrx_word' id='word_1_131' title='bbox 1068 1350 1139 1391; x_wconf 91' lang='lat' dir='ltr'>ille</span> <span class='ocrx_word' id='word_1_132' title='bbox 1173 1365 1303 1391; x_wconf 90' lang='lat' dir='ltr'>meos.</span> 
     </span>
     <span class='ocr_line' id='line_1_22' title="bbox 265 1409 1613 1465; baseline -0.001 -14"><span class='ocrx_word' id='word_1_133' title='bbox 265 1410 476 1465; x_wconf 86' lang='lat' dir='ltr'>Rumpor,</span> <span class='ocrx_word' id='word_1_134' title='bbox 514 1413 557 1451; x_wconf 90' lang='lat' dir='ltr'>et</span> <span class='ocrx_word' id='word_1_135' title='bbox 589 1424 662 1451; x_wconf 88' lang='lat' dir='ltr'>ora</span> <span class='ocrx_word' id='word_1_136' title='bbox 694 1409 800 1450; x_wconf 83' lang='lat' dir='ltr'>mihi</span> <span class='ocrx_word' id='word_1_137' title='bbox 836 1409 998 1464; x_wconf 87' lang='lat' dir='ltr'>pariter</span> <span class='ocrx_word' id='word_1_138' title='bbox 1036 1424 1133 1450; x_wconf 86' lang='lat' dir='ltr'>cum</span> <span class='ocrx_word' id='word_1_139' title='bbox 1169 1412 1311 1450; x_wconf 89' lang='lat' dir='ltr'>mente</span> <span class='ocrx_word' id='word_1_140' title='bbox 1350 1412 1613 1463; x_wconf 88' lang='lat' dir='ltr'>tumescunt,</span> 
     </span>
     <span class='ocr_line' id='line_1_23' title="bbox 324 1467 1329 1523; baseline -0.002 -13"><span class='ocrx_word' id='word_1_141' title='bbox 324 1468 589 1523; x_wconf 72' lang='lat' dir='ltr'>Pectoraque</span> <span class='ocrx_word' id='word_1_142' title='bbox 621 1468 798 1510; x_wconf 80' lang='lat' dir='ltr'>inclusis</span> <span class='ocrx_word' id='word_1_143' title='bbox 829 1468 1004 1523; x_wconf 83' lang='lat' dir='ltr'>ignibus</span> <span class='ocrx_word' id='word_1_144' title='bbox 1036 1470 1135 1508; x_wconf 91' lang='lat' dir='ltr'>usta</span> <span class='ocrx_word' id='word_1_145' title='bbox 1167 1467 1329 1508; x_wconf 87' lang='lat' dir='ltr'>dolent:</span> 
     </span>
     <span class='ocr_line' id='line_1_24' title="bbox 265 1525 1384 1581; baseline -0.002 -13"><span class='ocrx_word' id='word_1_146' title='bbox 265 1527 497 1569; x_wconf 88' lang='lat' dir='ltr'>Hermione</span> <span class='ocrx_word' id='word_1_147' title='bbox 530 1541 674 1568; x_wconf 89' lang='lat' dir='ltr'>coram</span> <span class='ocrx_word' id='word_1_148' title='bbox 707 1527 987 1581; x_wconf 85' lang='lat' dir='ltr'>quisquamne</span> <span class='ocrx_word' id='word_1_149' title='bbox 1021 1526 1179 1567; x_wconf 86' lang='lat' dir='ltr'>obiecit</span> <span class='ocrx_word' id='word_1_150' title='bbox 1212 1525 1384 1567; x_wconf 76' lang='lat' dir='ltr'>Oresti?</span> 
     </span>
     <span class='ocr_line' id='line_1_25' title="bbox 213 1584 1416 1639; baseline -0.002 -12"><span class='ocrx_word' id='word_1_151' title='bbox 213 1597 247 1622; x_wconf 84' lang='lat'>60</span> <span class='ocrx_word' id='word_1_152' title='bbox 326 1586 415 1628; x_wconf 86' lang='lat' dir='ltr'>Nec</span> <span class='ocrx_word' id='word_1_153' title='bbox 448 1585 554 1626; x_wconf 81' lang='lat' dir='ltr'>miln&#39;</span> <span class='ocrx_word' id='word_1_154' title='bbox 586 1588 686 1627; x_wconf 90' lang='lat' dir='ltr'>sunt</span> <span class='ocrx_word' id='word_1_155' title='bbox 718 1585 848 1639; x_wconf 83' lang='lat' dir='ltr'>vires,</span> <span class='ocrx_word' id='word_1_156' title='bbox 878 1600 955 1626; x_wconf 90' lang='lat' dir='ltr'>nec</span> <span class='ocrx_word' id='word_1_157' title='bbox 987 1584 1101 1625; x_wconf 83' lang='lat' dir='ltr'>ferus</span> <span class='ocrx_word' id='word_1_158' title='bbox 1135 1584 1246 1625; x_wconf 90' lang='lat' dir='ltr'>ensis</span> <span class='ocrx_word' id='word_1_159' title='bbox 1280 1585 1416 1625; x_wconf 86' lang='lat' dir='ltr'>adest!</span> 
     </span>
     <span class='ocr_line' id='line_1_26' title="bbox 266 1643 1315 1697; baseline -0.002 -12"><span class='ocrx_word' id='word_1_160' title='bbox 266 1645 389 1686; x_wconf 85' lang='lat' dir='ltr'>Flere</span> <span class='ocrx_word' id='word_1_161' title='bbox 420 1644 522 1686; x_wconf 89' lang='lat' dir='ltr'>licet</span> <span class='ocrx_word' id='word_1_162' title='bbox 554 1647 683 1686; x_wconf 82' lang='lat' dir='ltr'>certe:</span> <span class='ocrx_word' id='word_1_163' title='bbox 715 1643 854 1684; x_wconf 91' lang='lat' dir='ltr'>flendo</span> <span class='ocrx_word' id='word_1_164' title='bbox 887 1643 1156 1684; x_wconf 85' lang='lat' dir='ltr'>defundimus</span> <span class='ocrx_word' id='word_1_165' title='bbox 1188 1643 1315 1697; x_wconf 89' lang='lat' dir='ltr'>iram,</span> 
     </span>
     <span class='ocr_line' id='line_1_27' title="bbox 324 1701 1436 1758; baseline -0.004 -13"><span class='ocrx_word' id='word_1_166' title='bbox 324 1703 490 1758; x_wconf 88' lang='lat' dir='ltr'>Perque</span> <span class='ocrx_word' id='word_1_167' title='bbox 523 1703 664 1744; x_wconf 88' lang='lat' dir='ltr'>sinum</span> <span class='ocrx_word' id='word_1_168' title='bbox 694 1702 895 1743; x_wconf 85' lang='lat' dir='ltr'>lacrimae</span> <span class='ocrx_word' id='word_1_169' title='bbox 927 1701 1115 1742; x_wconf 87' lang='lat' dir='ltr'>fluminis</span> <span class='ocrx_word' id='word_1_170' title='bbox 1147 1701 1285 1742; x_wconf 87' lang='lat' dir='ltr'>instar</span> <span class='ocrx_word' id='word_1_171' title='bbox 1317 1703 1436 1756; x_wconf 80' lang='lat' dir='ltr'>eunt3</span> 
     </span>
     <span class='ocr_line' id='line_1_28' title="bbox 265 1759 1416 1815; baseline -0.003 -12"><span class='ocrx_word' id='word_1_172' title='bbox 265 1762 356 1804; x_wconf 89' lang='lat' dir='ltr'>Has</span> <span class='ocrx_word' id='word_1_173' title='bbox 390 1762 502 1803; x_wconf 90' lang='lat' dir='ltr'>solas</span> <span class='ocrx_word' id='word_1_174' title='bbox 534 1761 672 1802; x_wconf 86' lang='lat' dir='ltr'>habeo</span> <span class='ocrx_word' id='word_1_175' title='bbox 706 1775 872 1815; x_wconf 89' lang='lat' dir='ltr'>semper</span> <span class='ocrx_word' id='word_1_176' title='bbox 905 1774 1154 1815; x_wconf 88' lang='lat' dir='ltr'>semperque</span> <span class='ocrx_word' id='word_1_177' title='bbox 1185 1759 1416 1814; x_wconf 84' lang='lat' dir='ltr'>profundo:</span> 
     </span>
     <span class='ocr_line' id='line_1_29' title="bbox 325 1819 1249 1874; baseline -0.003 -12"><span class='ocrx_word' id='word_1_178' title='bbox 325 1820 486 1862; x_wconf 89' lang='lat' dir='ltr'>Ument</span> <span class='ocrx_word' id='word_1_179' title='bbox 516 1820 704 1861; x_wconf 87' lang='lat' dir='ltr'>incultae</span> <span class='ocrx_word' id='word_1_180' title='bbox 736 1819 856 1861; x_wconf 85' lang='lat' dir='ltr'>fonte</span> <span class='ocrx_word' id='word_1_181' title='bbox 888 1833 1072 1874; x_wconf 90' lang='lat' dir='ltr'>perenne</span> <span class='ocrx_word' id='word_1_182' title='bbox 1106 1833 1249 1874; x_wconf 86' lang='lat' dir='ltr'>genae.</span> 
     </span>
     <span class='ocr_line' id='line_1_30' title="bbox 214 1876 1484 1934; baseline -0.002 -14"><span class='ocrx_word' id='word_1_183' title='bbox 214 1890 247 1915; x_wconf 71' lang='lat'>(⁵5</span> <span class='ocrx_word' id='word_1_184' title='bbox 268 1879 384 1920; x_wconf 89' lang='lat' dir='ltr'>Num</span> <span class='ocrx_word' id='word_1_185' title='bbox 418 1879 584 1934; x_wconf 88' lang='lat' dir='ltr'>generis</span> <span class='ocrx_word' id='word_1_186' title='bbox 616 1878 726 1933; x_wconf 84' lang='lat' dir='ltr'>fato,</span> <span class='ocrx_word' id='word_1_187' title='bbox 759 1878 873 1933; x_wconf 89' lang='lat' dir='ltr'>quod</span> <span class='ocrx_word' id='word_1_188' title='bbox 903 1881 1076 1919; x_wconf 89' lang='lat' dir='ltr'>nostros</span> <span class='ocrx_word' id='word_1_189' title='bbox 1109 1880 1223 1918; x_wconf 85' lang='lat' dir='ltr'>errat</span> <span class='ocrx_word' id='word_1_190' title='bbox 1253 1876 1299 1918; x_wconf 87' lang='lat' dir='ltr'>in</span> <span class='ocrx_word' id='word_1_191' title='bbox 1331 1890 1484 1930; x_wconf 90' lang='lat' dir='ltr'>annos,</span> 
     </span>
     <span class='ocr_line' id='line_1_31' title="bbox 325 1935 1283 1991; baseline -0.002 -13"><span class='ocrx_word' id='word_1_192' title='bbox 325 1938 570 1978; x_wconf 86' lang='lat' dir='ltr'>Tantalides</span> <span class='ocrx_word' id='word_1_193' title='bbox 604 1939 762 1989; x_wconf 86' lang='lat' dir='ltr'>matres</span> <span class='ocrx_word' id='word_1_194' title='bbox 795 1939 896 1991; x_wconf 86' lang='lat' dir='ltr'>apta</span> <span class='ocrx_word' id='word_1_195' title='bbox 927 1937 1076 1990; x_wconf 88' lang='lat' dir='ltr'>rapina</span> <span class='ocrx_word' id='word_1_196' title='bbox 1109 1935 1283 1976; x_wconf 76' lang='lat' dir='ltr'>sumus?</span> 
     </span>
     <span class='ocr_line' id='line_1_32' title="bbox 266 1993 1331 2051; baseline -0.003 -14"><span class='ocrx_word' id='word_1_197' title='bbox 266 1995 367 2037; x_wconf 87' lang='lat' dir='ltr'>Non</span> <span class='ocrx_word' id='word_1_198' title='bbox 399 2010 478 2051; x_wconf 90' lang='lat' dir='ltr'>ego</span> <span class='ocrx_word' id='word_1_199' title='bbox 510 1995 703 2036; x_wconf 90' lang='lat' dir='ltr'>fluminei</span> <span class='ocrx_word' id='word_1_200' title='bbox 734 1995 917 2037; x_wconf 86' lang='lat' dir='ltr'>referam</span> <span class='ocrx_word' id='word_1_201' title='bbox 948 1994 1168 2036; x_wconf 87' lang='lat' dir='ltr'>mendacia</span> <span class='ocrx_word' id='word_1_202' title='bbox 1203 1993 1331 2049; x_wconf 81' lang='lat' dir='ltr'>cygni</span> 
     </span>
     <span class='ocr_line' id='line_1_33' title="bbox 326 2052 1317 2108; baseline -0.003 -13"><span class='ocrx_word' id='word_1_203' title='bbox 326 2053 416 2095; x_wconf 83' lang='lat' dir='ltr'>Nec</span> <span class='ocrx_word' id='word_1_204' title='bbox 449 2069 602 2107; x_wconf 86' lang='lat' dir='ltr'>querar</span> <span class='ocrx_word' id='word_1_205' title='bbox 633 2054 679 2094; x_wconf 90' lang='lat' dir='ltr'>in</span> <span class='ocrx_word' id='word_1_206' title='bbox 708 2053 867 2108; x_wconf 89' lang='lat' dir='ltr'>plumis</span> <span class='ocrx_word' id='word_1_207' title='bbox 900 2053 1120 2094; x_wconf 88' lang='lat' dir='ltr'>delituisse</span> <span class='ocrx_word' id='word_1_208' title='bbox 1152 2052 1317 2106; x_wconf 80' lang='lat' dir='ltr'>Iovem3</span> 
     </span>
     <span class='ocr_line' id='line_1_34' title="bbox 269 2109 1482 2167; baseline -0.003 -13"><span class='ocrx_word' id='word_1_209' title='bbox 269 2114 361 2162; x_wconf 75' lang='lat' dir='ltr'>Qua</span> <span class='ocrx_word' id='word_1_210' title='bbox 393 2113 475 2153; x_wconf 91' lang='lat' dir='ltr'>duo</span> <span class='ocrx_word' id='word_1_211' title='bbox 507 2115 730 2167; x_wconf 88' lang='lat' dir='ltr'>porrectus</span> <span class='ocrx_word' id='word_1_212' title='bbox 762 2113 891 2167; x_wconf 89' lang='lat' dir='ltr'>longe</span> <span class='ocrx_word' id='word_1_213' title='bbox 922 2111 1034 2152; x_wconf 85' lang='lat' dir='ltr'>freta</span> <span class='ocrx_word' id='word_1_214' title='bbox 1066 2110 1242 2152; x_wconf 88' lang='lat' dir='ltr'>distinet</span> <span class='ocrx_word' id='word_1_215' title='bbox 1273 2109 1482 2163; x_wconf 86' lang='lat' dir='ltr'>Isthmos,</span> 
     </span>
     <span class='ocr_line' id='line_1_35' title="bbox 216 2169 1210 2226; baseline -0.003 -14"><span class='ocrx_word' id='word_1_216' title='bbox 216 2184 249 2209; x_wconf 79' lang='lat'>70</span> <span class='ocrx_word' id='word_1_217' title='bbox 326 2171 462 2212; x_wconf 88' lang='lat' dir='ltr'>Vecta</span> <span class='ocrx_word' id='word_1_218' title='bbox 493 2171 731 2226; x_wconf 79' lang='lat' dir='ltr'>peregrinis</span> <span class='ocrx_word' id='word_1_219' title='bbox 764 2170 1052 2225; x_wconf 86' lang='lat' dir='ltr'>Hippodamia</span> <span class='ocrx_word' id='word_1_220' title='bbox 1084 2169 1210 2220; x_wconf 77' lang='lat' dir='ltr'>rotis3</span> 
     </span>
     <span class='ocr_line' id='line_1_36' title="bbox 269 2227 1242 2283; baseline -0.005 -11"><span class='ocrx_word' id='word_1_221' title='bbox 269 2229 439 2271; x_wconf 79' lang='lat' dir='ltr'>Castori</span> <span class='ocrx_word' id='word_1_222' title='bbox 471 2229 703 2283; x_wconf 83' lang='lat' dir='ltr'>Amyclaeo</span> <span class='ocrx_word' id='word_1_223' title='bbox 736 2232 778 2271; x_wconf 90' lang='lat' dir='ltr'>et</span> <span class='ocrx_word' id='word_1_224' title='bbox 810 2228 1043 2283; x_wconf 85' lang='lat' dir='ltr'>Amyclaeo</span> <span class='ocrx_word' id='word_1_225' title='bbox 1076 2227 1242 2268; x_wconf 89' lang='lat' dir='ltr'>Polluci</span> 
     </span>
     <span class='ocr_line' id='line_1_37' title="bbox 327 2286 1314 2341; baseline -0.003 -13"><span class='ocrx_word' id='word_1_226' title='bbox 327 2287 511 2329; x_wconf 81' lang='lat' dir='ltr'>Reddita</span> <span class='ocrx_word' id='word_1_227' title='bbox 542 2286 769 2341; x_wconf 89' lang='lat' dir='ltr'>Mopsopia</span> <span class='ocrx_word' id='word_1_228' title='bbox 800 2287 1004 2328; x_wconf 85' lang='lat' dir='ltr'>Taenaris</span> <span class='ocrx_word' id='word_1_229' title='bbox 1037 2287 1141 2327; x_wconf 80' lang='lat' dir='ltr'>urbe</span> <span class='ocrx_word' id='word_1_230' title='bbox 1175 2299 1314 2340; x_wconf 81' lang='lat' dir='ltr'>soror3</span> 
     </span>
     <span class='ocr_line' id='line_1_38' title="bbox 268 2344 1443 2398; baseline -0.003 -11"><span class='ocrx_word' id='word_1_231' title='bbox 268 2346 470 2388; x_wconf 84' lang='lat' dir='ltr'>Taenaris</span> <span class='ocrx_word' id='word_1_232' title='bbox 503 2345 631 2386; x_wconf 87' lang='lat' dir='ltr'>Idaeo</span> <span class='ocrx_word' id='word_1_233' title='bbox 664 2349 783 2385; x_wconf 83' lang='lat' dir='ltr'>trans</span> <span class='ocrx_word' id='word_1_234' title='bbox 817 2359 1002 2398; x_wconf 83' lang='lat' dir='ltr'>aequora</span> <span class='ocrx_word' id='word_1_235' title='bbox 1034 2345 1087 2385; x_wconf 80' lang='lat' dir='ltr'>ab</span> <span class='ocrx_word' id='word_1_236' title='bbox 1119 2344 1290 2398; x_wconf 89' lang='lat' dir='ltr'>hospite</span> <span class='ocrx_word' id='word_1_237' title='bbox 1322 2345 1443 2396; x_wconf 87' lang='lat' dir='ltr'>rapta</span> 
     </span>
    </p>
   </div>
  </div>
 </body>
</html>
