1690 2656
277 161 332 201 84
797 156 1090 192 HEROIDEs.

335 255 420 297 Ora
451 255 571 295 ferox
602 254 647 294 in
679 268 722 294 se
755 267 875 293 versa
906 253 1090 293 lacertus
1122 251 1270 306 habet3

278 313 374 355 Sive
407 317 525 354 tenes
557 313 645 353 lato
677 311 887 352 venabula
919 324 1073 351 cornea
1103 310 1216 351 ferro
1248 334 1306 339 —

334 372 529 424 Denique
560 373 709 411 nostra
738 369 859 410 iuvat
889 369 1071 423 lumina,
1104 368 1308 421 quidquid
1341 368 1445 423 agis.

221 441 255 466 85
275 430 339 471 Tu
371 431 498 471 modo
531 428 733 469 duritiam
765 427 883 468 silvis
915 428 1077 481 depone
1107 427 1289 481 iugosis!

334 488 434 529 Non
466 503 559 528 sum
591 486 769 527 materia
801 486 931 540 digna
960 485 1098 540 perire
1130 488 1215 526 tua.

276 547 385 594 Quid
416 546 536 587 iuvat
567 545 778 586 incinctae
812 544 954 585 studia
985 558 1177 584 exercere
1210 543 1374 585 Dianae

333 605 391 645 Et
422 603 580 645 Veneri
611 618 812 644 numeros
845 602 1049 656 eripuisse
1083 601 1215 643 suos‘?

276 662 398 711 Quod
431 665 545 704 caret
579 663 743 702 alterna
773 661 936 715 requie,
968 660 1158 701 durabile
1190 674 1277 701 non
1309 663 1390 701 est:

222 732 256 755 90
333 721 451 762 Haec
483 724 654 774 reparat
685 720 795 761 vires
828 720 1024 772 fessaque
1058 719 1249 759 membra
1278 722 1427 773 novat,

274 779 431 834 Arcus,
464 778 526 824 (et
558 794 676 819 arma
707 782 805 819 tuae
837 778 918 819 tibi
951 780 1050 818 sunt
1080 777 1289 817 imitanda
1320 776 1501 818 Dianae}

334 837 379 879 Si
410 852 643 891 numquam
675 852 813 878 cesses
845 836 1036 890 tendere,
1068 835 1209 876 mollis
1243 835 1336 876 erit.

275 895 426 937 Clarus
459 899 550 937 erat
584 896 700 936 silvis
734 894 964 949 Cephalus,
996 894 1239 947 multaeque
1270 908 1345 948 per
1375 893 1529 934 herbas

334 954 618 995 Conciderant
649 954 723 994 1110
755 953 1019 1008 percutiente
1051 952 1183 1005 ferae,

221 1023 254 1048 95
274 1012 365 1054 Nec
396 1016 541 1053 tamen
572 1013 764 1053 Aurorae
797 1011 906 1052 male
940 1025 983 1051 se
1014 1010 1249 1064 praebebat
1281 1010 1525 1051 amandum:

333 1071 432 1112 Ibat
464 1072 516 1112 ad
546 1071 659 1111 hunc
693 1071 860 1124 sapiens
894 1084 918 1110 a
949 1084 1047 1110 sene
1080 1069 1176 1109 diva
1207 1068 1316 1122 viro,

275 1128 409 1183 Saepe
442 1130 521 1170 sub
552 1129 723 1170 ilicibus
754 1128 965 1169 Venerem
998 1126 1238 1180 Cinyraque
1271 1129 1462 1168 creatum

335 1187 550 1229 Sustinuit
580 1187 746 1241 positos
780 1186 994 1240 quaelibet
1025 1185 1159 1226 herba
1191 1185 1314 1240 duos3

275 1247 395 1287 Arsit
427 1249 470 1287 et
502 1245 682 1286 Oenides
712 1245 759 1285 in
789 1244 1001 1285 Maenalia
1032 1242 1255 1284 Atalanta:

207 1314 257 1339 100
333 1305 415 1346 Illa
446 1304 559 1345 ferae
592 1303 778 1368 spolium
808 1303 963 1357 pignus
997 1302 1154 1342 amoris
1185 1301 1334 1356 habet3

275 1362 367 1404 Nos
401 1377 567 1416 quoque
598 1362 685 1403 iam
716 1361 902 1415 primum
933 1361 1061 1401 turba
1091 1335 1365 1400 numeremur-
1393 1359 1439 1400 in
1468 1359 1569 1401 ista!

336 1420 381 1462 Si
412 1421 621 1462 Venerem
654 1420 800 1474 tollas,
832 1419 994 1460 rustica
1025 1418 1132 1460 silva
1162 1421 1290 1459 tuast.

274 1479 375 1534 Ipsa
406 1494 548 1521 comes
580 1479 765 1533 veniam,
796 1493 873 1519 nec
904 1492 971 1518 me
1002 1477 1217 1518 latebrosa
1249 1476 1517 1517 movebunt*

336 1537 445 1579 Saxa
474 1552 611 1591 neque
645 1537 819 1590 obliquo
852 1537 975 1577 dente
1007 1535 1221 1576 timendus
1254 1549 1364 1588 aper.

207 1607 256 1631 105
275 1596 476 1650 Aequora
506 1596 608 1636 bina
641 1595 728 1636 suis
762 1595 1013 1649 obpugnant
1043 1593 1245 1634 fluctibus
1277 1593 1492 1648 Isthmon,

334 1656 392 1696 Et
423 1654 563 1695 tenuis
596 1654 723 1694 tellus
755 1653 874 1694 audit
905 1656 1132 1705 utrumque
1164 1666 1296 1692 mare:

275 1713 357 1754 Hic
388 1716 531 1754 tecum
562 1712 777 1752 Troezena
808 1711 963 1765 colam,
994 1709 1183 1751 Pittheia
1213 1723 1363 1765 regna3

334 1772 426 1812 Iam
456 1786 570 1812 nunc
602 1774 666 1811 est
697 1770 837 1824 patria
869 1769 1031 1824 gratior
1061 1768 1135 1808 illa
1166 1783 1271 1808 mea.

276 1830 483 1884 Tempore
516 1830 637 1870 abest
669 1828 890 1881 aberitque
923 1828 995 1868 diu
1026 1826 1270 1881 Neptunius
1299 1826 1445 1874 heros:

208 1898 258 1923 110
334 1888 463 1928 Illum
493 1887 679 1928 Pirithoi
711 1886 872 1927 detinet
904 1900 978 1926 ora
1011 1885 1093 1939 sui3

276 1946 531 2000 Praeposuit
562 1946 769 1999 Theseus,
799 1944 883 1985 nisi
916 1944 951 1985 si
983 1943 1211 1984 manifesta
1240 1956 1466 1997 negamus,

335 2004 577 2045 Pirithoum
608 2004 825 2044 Phaedrae
856 2002 1182 2055 Pirithoumque
1213 2001 1305 2042 tibi.

279 2061 379 2103 Sola
409 2077 486 2103 nec
517 2063 621 2104 haec
655 2063 706 2102 ad
737 2076 816 2102 nos
847 2061 1003 2102 iniuria
1034 2060 1150 2101 venit
1181 2059 1232 2100 ab
1264 2059 1359 2113 illo,

336 2120 384 2160 In
419 2121 586 2174 magnis
618 2120 723 2161 laesi
753 2120 880 2160 rebus
911 2122 1089 2172 uterque
1122 2132 1285 2158 sumus:

208 2189 258 2214 115
279 2177 387 2219 Ossa
417 2178 501 2218 mei
531 2178 676 2219 fratris
709 2179 828 2219 clava
858 2178 1070 2232 perfracta
1101 2176 1260 2217 trinodi

339 2235 505 2290 Sparsit
536 2236 672 2290 humi,
705 2251 826 2277 soror
857 2239 921 2276 est
952 2235 1108 2290 praeda
1139 2235 1289 2275 relicta
1320 2233 1440 2288 feris3

278 2294 423 2335 Prima
455 2294 718 2348 securigeras
749 2295 860 2335 inter
890 2294 1049 2335 virtute
1080 2293 1242 2347 puellas

336 2353 395 2393 Te
426 2352 609 2407 peperit,
638 2352 729 2393 nati
761 2352 890 2406 digna
921 2352 1065 2406 vigore
1096 2365 1266 2405 parens,
