<?xml version="1.0" encoding="UTF-8"?>
<!DOCTYPE html PUBLIC "-//W3C//DTD XHTML 1.0 Transitional//EN"
    "http://www.w3.org/TR/xhtml1/DTD/xhtml1-transitional.dtd">
<html xmlns="http://www.w3.org/1999/xhtml" xml:lang="en" lang="en">
 <head>
  <title>
</title>
<meta http-equiv="Content-Type" content="text/html;charset=utf-8" />
  <meta name='ocr-system' content='tesseract 3.04.00' />
  <meta name='ocr-capabilities' content='ocr_page ocr_carea ocr_par ocr_line ocrx_word'/>
</head>
<body>
  <div class='ocr_page' id='page_1' title='image "./operaovid03oviduoft_0293.png"; bbox 0 0 1674 2662; ppageno 0'>
   <div class='ocr_carea' id='block_1_1' title="bbox 593 169 1392 217">
    <p class='ocr_par' dir='ltr' id='par_1_1' title="bbox 593 169 1392 217">
     <span class='ocr_line' id='line_1_1' title="bbox 593 169 1392 217; baseline 0.005 -10"><span class='ocrx_word' id='word_1_1' title='bbox 593 173 654 217; x_wconf 84' lang='grc' dir='ltr'>ΙΙΙ,</span> <span class='ocrx_word' id='word_1_2' title='bbox 680 182 842 208; x_wconf 77' lang='lat'>425—498.</span> <span class='ocrx_word' id='word_1_3' title='bbox 1309 169 1392 211; x_wconf 79' lang='lat'>237</span> 
     </span>
    </p>
   </div>
   <div class='ocr_carea' id='block_1_2' title="bbox 0 266 1394 2411">
    <p class='ocr_par' dir='ltr' id='par_1_2' title="bbox 0 266 1394 2411">
     <span class='ocr_line' id='line_1_2' title="bbox 119 266 1072 323; baseline -0.006 -10"><span class='ocrx_word' id='word_1_4' title='bbox 119 270 164 313; x_wconf 80' lang='lat' dir='ltr'>Si</span> <span class='ocrx_word' id='word_1_5' title='bbox 196 270 405 323; x_wconf 86' lang='lat' dir='ltr'>dederint,</span> <span class='ocrx_word' id='word_1_6' title='bbox 437 272 479 310; x_wconf 87' lang='lat' dir='ltr'>et</span> <span class='ocrx_word' id='word_1_7' title='bbox 509 282 584 309; x_wconf 84' lang='lat' dir='ltr'>vos</span> <span class='ocrx_word' id='word_1_8' title='bbox 618 266 772 323; x_wconf 87' lang='lat' dir='ltr'>gaudia</span> <span class='ocrx_word' id='word_1_9' title='bbox 801 269 928 321; x_wconf 88' lang='lat' dir='ltr'>pacta</span> <span class='ocrx_word' id='word_1_10' title='bbox 960 266 1072 307; x_wconf 87' lang='lat' dir='ltr'>date!</span> 
     </span>
     <span class='ocr_line' id='line_1_3' title="bbox 0 322 1190 402; baseline -0.005 -31"><span class='ocrx_word' id='word_1_11' title='bbox 0 345 5 402; x_wconf 55' lang='lat' dir='ltr'><strong>f</strong></span> <span class='ocrx_word' id='word_1_12' title='bbox 60 329 141 371; x_wconf 87' lang='lat' dir='ltr'>Illa</span> <span class='ocrx_word' id='word_1_13' title='bbox 171 331 316 384; x_wconf 89' lang='lat' dir='ltr'>potest</span> <span class='ocrx_word' id='word_1_14' title='bbox 347 326 498 382; x_wconf 86' lang='lat' dir='ltr'>vigiles</span> <span class='ocrx_word' id='word_1_15' title='bbox 529 326 723 367; x_wconf 88' lang='lat' dir='ltr'>flammas</span> <span class='ocrx_word' id='word_1_16' title='bbox 755 325 1001 380; x_wconf 71' lang='lat' dir='ltr'>extinguere</span> <span class='ocrx_word' id='word_1_17' title='bbox 1031 322 1190 365; x_wconf 87' lang='lat' dir='ltr'>Vestae</span> 
     </span>
     <span class='ocr_line' id='line_1_4' title="bbox 117 382 1090 441; baseline -0.005 -13"><span class='ocrx_word' id='word_1_18' title='bbox 117 387 176 429; x_wconf 84' lang='lat' dir='ltr'>Et</span> <span class='ocrx_word' id='word_1_19' title='bbox 206 400 352 441; x_wconf 88' lang='lat' dir='ltr'>rapere</span> <span class='ocrx_word' id='word_1_20' title='bbox 386 400 406 426; x_wconf 91' lang='lat' dir='ltr'>e</span> <span class='ocrx_word' id='word_1_21' title='bbox 438 384 628 439; x_wconf 90' lang='lat' dir='ltr'>templis,</span> <span class='ocrx_word' id='word_1_22' title='bbox 658 383 823 437; x_wconf 79' lang='lat' dir='ltr'>Inachi,</span> <span class='ocrx_word' id='word_1_23' title='bbox 855 397 975 424; x_wconf 86' lang='lat' dir='ltr'>sacra</span> <span class='ocrx_word' id='word_1_24' title='bbox 1004 382 1090 423; x_wconf 90' lang='lat' dir='ltr'>tuis</span> 
     </span>
     <span class='ocr_line' id='line_1_5' title="bbox 10 440 1084 495; baseline -0.003 -11"><span class='ocrx_word' id='word_1_25' title='bbox 10 457 42 484; x_wconf 72' lang='lat'>65</span> <span class='ocrx_word' id='word_1_26' title='bbox 60 445 119 488; x_wconf 89' lang='lat' dir='ltr'>Et</span> <span class='ocrx_word' id='word_1_27' title='bbox 149 446 248 486; x_wconf 85' lang='lat' dir='ltr'>dare</span> <span class='ocrx_word' id='word_1_28' title='bbox 280 444 413 486; x_wconf 85' lang='lat' dir='ltr'>mixta</span> <span class='ocrx_word' id='word_1_29' title='bbox 443 442 535 484; x_wconf 88' lang='lat' dir='ltr'>viro</span> <span class='ocrx_word' id='word_1_30' title='bbox 567 441 681 484; x_wconf 87' lang='lat' dir='ltr'>tritis</span> <span class='ocrx_word' id='word_1_31' title='bbox 714 441 883 483; x_wconf 87' lang='lat' dir='ltr'>aconita</span> <span class='ocrx_word' id='word_1_32' title='bbox 914 440 1084 495; x_wconf 90' lang='lat' dir='ltr'>cicutis,</span> 
     </span>
     <span class='ocr_line' id='line_1_6' title="bbox 118 499 1078 557; baseline -0.006 -12"><span class='ocrx_word' id='word_1_33' title='bbox 118 504 308 557; x_wconf 91' lang='lat' dir='ltr'>Accepto</span> <span class='ocrx_word' id='word_1_34' title='bbox 339 502 550 543; x_wconf 85' lang='lat' dir='ltr'>Venerem</span> <span class='ocrx_word' id='word_1_35' title='bbox 581 514 753 548; x_wconf 88' lang='lat' dir='ltr'>munere</span> <span class='ocrx_word' id='word_1_36' title='bbox 786 499 908 553; x_wconf 90' lang='lat' dir='ltr'>siqua</span> <span class='ocrx_word' id='word_1_37' title='bbox 937 501 1078 554; x_wconf 88' lang='lat' dir='ltr'>negat.</span> 
     </span>
     <span class='ocr_line' id='line_1_7' title="bbox 60 556 1334 614; baseline -0.005 -11"><span class='ocrx_word' id='word_1_38' title='bbox 60 561 162 603; x_wconf 87' lang='lat' dir='ltr'>Fert</span> <span class='ocrx_word' id='word_1_39' title='bbox 194 561 360 602; x_wconf 84' lang='lat' dir='ltr'>animus</span> <span class='ocrx_word' id='word_1_40' title='bbox 390 559 566 614; x_wconf 88' lang='lat' dir='ltr'>propius</span> <span class='ocrx_word' id='word_1_41' title='bbox 599 558 846 600; x_wconf 88' lang='lat' dir='ltr'>consistere:</span> <span class='ocrx_word' id='word_1_42' title='bbox 879 557 1095 611; x_wconf 84' lang='lat' dir='ltr'>supprime</span> <span class='ocrx_word' id='word_1_43' title='bbox 1125 556 1334 611; x_wconf 80' lang='lat' dir='ltr'>habenas,</span> 
     </span>
     <span class='ocr_line' id='line_1_8' title="bbox 118 615 992 674; baseline -0.005 -14"><span class='ocrx_word' id='word_1_44' title='bbox 118 619 259 674; x_wconf 87' lang='lat' dir='ltr'>Musa,</span> <span class='ocrx_word' id='word_1_45' title='bbox 288 633 365 660; x_wconf 89' lang='lat' dir='ltr'>nec</span> <span class='ocrx_word' id='word_1_46' title='bbox 398 618 594 659; x_wconf 85' lang='lat' dir='ltr'>admissis</span> <span class='ocrx_word' id='word_1_47' title='bbox 626 616 838 658; x_wconf 86' lang='lat' dir='ltr'>excutiare</span> <span class='ocrx_word' id='word_1_48' title='bbox 869 615 992 656; x_wconf 79' lang='lat' dir='ltr'>rotis!</span> 
     </span>
     <span class='ocr_line' id='line_1_9' title="bbox 60 673 1266 730; baseline -0.005 -11"><span class='ocrx_word' id='word_1_49' title='bbox 60 677 202 719; x_wconf 88' lang='lat' dir='ltr'>Verba</span> <span class='ocrx_word' id='word_1_50' title='bbox 234 677 387 718; x_wconf 76' lang='lat' dir='ltr'>vadum</span> <span class='ocrx_word' id='word_1_51' title='bbox 419 678 631 730; x_wconf 89' lang='lat' dir='ltr'>temptent</span> <span class='ocrx_word' id='word_1_52' title='bbox 662 674 854 729; x_wconf 84' lang='lat' dir='ltr'>abiegnis</span> <span class='ocrx_word' id='word_1_53' title='bbox 886 673 1046 728; x_wconf 89' lang='lat' dir='ltr'>scripta</span> <span class='ocrx_word' id='word_1_54' title='bbox 1076 673 1266 728; x_wconf 86' lang='lat' dir='ltr'>tabellis,</span> 
     </span>
     <span class='ocr_line' id='line_1_10' title="bbox 10 730 1052 792; baseline -0.005 -15"><span class='ocrx_word' id='word_1_55' title='bbox 10 748 42 773; x_wconf 79' lang='lat'>70</span> <span class='ocrx_word' id='word_1_56' title='bbox 120 734 337 792; x_wconf 75' lang='lat' dir='ltr'>(Accipiat</span> <span class='ocrx_word' id='word_1_57' title='bbox 369 735 519 775; x_wconf 88' lang='lat' dir='ltr'>missas</span> <span class='ocrx_word' id='word_1_58' title='bbox 553 736 653 788; x_wconf 89' lang='lat' dir='ltr'>apta</span> <span class='ocrx_word' id='word_1_59' title='bbox 683 733 879 774; x_wconf 87' lang='lat' dir='ltr'>ministra</span> <span class='ocrx_word' id='word_1_60' title='bbox 907 730 1052 786; x_wconf 84' lang='lat' dir='ltr'>notas)</span> 
     </span>
     <span class='ocr_line' id='line_1_11' title="bbox 0 751 1211 848; baseline -0.005 -12"><span class='ocrx_word' id='word_1_61' title='bbox 0 751 5 835; x_wconf 69' lang='lat' dir='ltr'>i</span> <span class='ocrx_word' id='word_1_62' title='bbox 61 794 245 848; x_wconf 80' lang='lat' dir='ltr'>Inspice,</span> <span class='ocrx_word' id='word_1_63' title='bbox 277 793 471 846; x_wconf 86' lang='lat' dir='ltr'>quodque</span> <span class='ocrx_word' id='word_1_64' title='bbox 502 791 637 846; x_wconf 87' lang='lat' dir='ltr'>leges,</span> <span class='ocrx_word' id='word_1_65' title='bbox 668 805 718 831; x_wconf 86' lang='lat' dir='ltr'>ex</span> <span class='ocrx_word' id='word_1_66' title='bbox 749 790 854 844; x_wconf 90' lang='lat' dir='ltr'>ipsis</span> <span class='ocrx_word' id='word_1_67' title='bbox 887 790 1039 845; x_wconf 84' lang='lat' dir='ltr'>collige</span> <span class='ocrx_word' id='word_1_68' title='bbox 1071 789 1211 830; x_wconf 87' lang='lat' dir='ltr'>verbis</span> 
     </span>
     <span class='ocr_line' id='line_1_12' title="bbox 120 848 1115 906; baseline -0.005 -13"><span class='ocrx_word' id='word_1_69' title='bbox 120 852 278 906; x_wconf 85' lang='lat' dir='ltr'>Fingat</span> <span class='ocrx_word' id='word_1_70' title='bbox 310 865 363 892; x_wconf 88' lang='lat' dir='ltr'>an</span> <span class='ocrx_word' id='word_1_71' title='bbox 395 865 445 891; x_wconf 83' lang='lat' dir='ltr'>ex</span> <span class='ocrx_word' id='word_1_72' title='bbox 477 850 617 890; x_wconf 86' lang='lat' dir='ltr'>am&#39;mo</span> <span class='ocrx_word' id='word_1_73' title='bbox 651 848 942 902; x_wconf 87' lang='lat' dir='ltr'>sollicitusque</span> <span class='ocrx_word' id='word_1_74' title='bbox 974 850 1115 903; x_wconf 88' lang='lat' dir='ltr'>roget,</span> 
     </span>
     <span class='ocr_line' id='line_1_13' title="bbox 61 907 1394 963; baseline -0.005 -11"><span class='ocrx_word' id='word_1_75' title='bbox 61 910 248 963; x_wconf 75' lang='lat' dir='ltr'>Postque</span> <span class='ocrx_word' id='word_1_76' title='bbox 274 909 444 950; x_wconf 82' lang='lat' dir='ltr'>brevem</span> <span class='ocrx_word' id='word_1_77' title='bbox 469 907 652 949; x_wconf 85' lang='lat' dir='ltr'>rescribe</span> <span class='ocrx_word' id='word_1_78' title='bbox 672 907 852 948; x_wconf 80' lang='lat' dir='ltr'>moram!</span> <span class='ocrx_word' id='word_1_79' title='bbox 878 919 997 947; x_wconf 88' lang='lat' dir='ltr'>mora</span> <span class='ocrx_word' id='word_1_80' title='bbox 1018 920 1183 960; x_wconf 86' lang='lat' dir='ltr'>semper</span> <span class='ocrx_word' id='word_1_81' title='bbox 1203 908 1394 947; x_wconf 89' lang='lat' dir='ltr'>amantes</span> 
     </span>
     <span class='ocr_line' id='line_1_14' title="bbox 120 964 1120 1021; baseline -0.005 -12"><span class='ocrx_word' id='word_1_82' title='bbox 120 968 294 1020; x_wconf 83' lang='lat' dir='ltr'>Incitat,</span> <span class='ocrx_word' id='word_1_83' title='bbox 325 967 524 1021; x_wconf 83' lang='lat' dir='ltr'>exiguum</span> <span class='ocrx_word' id='word_1_84' title='bbox 556 965 592 1006; x_wconf 89' lang='lat' dir='ltr'>si</span> <span class='ocrx_word' id='word_1_85' title='bbox 623 965 748 1006; x_wconf 91' lang='lat' dir='ltr'>modo</span> <span class='ocrx_word' id='word_1_86' title='bbox 779 967 948 1018; x_wconf 88' lang='lat' dir='ltr'>tempus</span> <span class='ocrx_word' id='word_1_87' title='bbox 979 964 1120 1005; x_wconf 91' lang='lat' dir='ltr'>habet.</span> 
     </span>
     <span class='ocr_line' id='line_1_15' title="bbox 11 1021 1190 1079; baseline -0.002 -15"><span class='ocrx_word' id='word_1_88' title='bbox 11 1037 43 1064; x_wconf 71' lang='lat'>75</span> <span class='ocrx_word' id='word_1_89' title='bbox 63 1025 144 1068; x_wconf 84' lang='lat' dir='ltr'>Sed</span> <span class='ocrx_word' id='word_1_90' title='bbox 174 1039 309 1079; x_wconf 89' lang='lat' dir='ltr'>neque</span> <span class='ocrx_word' id='word_1_91' title='bbox 340 1028 383 1065; x_wconf 89' lang='lat' dir='ltr'>te</span> <span class='ocrx_word' id='word_1_92' title='bbox 413 1023 582 1065; x_wconf 84' lang='lat' dir='ltr'>facilem</span> <span class='ocrx_word' id='word_1_93' title='bbox 611 1022 754 1064; x_wconf 84' lang='lat' dir='ltr'>iuveni</span> <span class='ocrx_word' id='word_1_94' title='bbox 784 1022 989 1076; x_wconf 73' lang='lat' dir='ltr'>promitte</span> <span class='ocrx_word' id='word_1_95' title='bbox 1019 1021 1190 1077; x_wconf 89' lang='lat' dir='ltr'>roganti</span> 
     </span>
     <span class='ocr_line' id='line_1_16' title="bbox 119 1080 1151 1136; baseline -0.005 -11"><span class='ocrx_word' id='word_1_96' title='bbox 119 1083 209 1125; x_wconf 87' lang='lat' dir='ltr'>Nec</span> <span class='ocrx_word' id='word_1_97' title='bbox 240 1087 384 1124; x_wconf 86' lang='lat' dir='ltr'>tamen</span> <span class='ocrx_word' id='word_1_98' title='bbox 414 1097 435 1122; x_wconf 91' lang='lat' dir='ltr'>e</span> <span class='ocrx_word' id='word_1_99' title='bbox 468 1082 592 1136; x_wconf 83' lang='lat' dir='ltr'>duro,</span> <span class='ocrx_word' id='word_1_100' title='bbox 623 1081 736 1134; x_wconf 87' lang='lat' dir='ltr'>quod</span> <span class='ocrx_word' id='word_1_101' title='bbox 766 1080 875 1134; x_wconf 89' lang='lat' dir='ltr'>petit</span> <span class='ocrx_word' id='word_1_102' title='bbox 905 1080 996 1134; x_wconf 87' lang='lat' dir='ltr'>ille,</span> <span class='ocrx_word' id='word_1_103' title='bbox 1025 1081 1151 1135; x_wconf 78' lang='lat' dir='ltr'>nega!</span> 
     </span>
     <span class='ocr_line' id='line_1_17' title="bbox 62 1138 1313 1194; baseline -0.005 -10"><span class='ocrx_word' id='word_1_104' title='bbox 62 1142 146 1184; x_wconf 87' lang='lat' dir='ltr'>Fac</span> <span class='ocrx_word' id='word_1_105' title='bbox 179 1142 328 1182; x_wconf 88' lang='lat' dir='ltr'>timeat</span> <span class='ocrx_word' id='word_1_106' title='bbox 361 1143 583 1194; x_wconf 88' lang='lat' dir='ltr'>speretque</span> <span class='ocrx_word' id='word_1_107' title='bbox 617 1139 760 1193; x_wconf 90' lang='lat' dir='ltr'>simul,</span> <span class='ocrx_word' id='word_1_108' title='bbox 791 1138 1071 1192; x_wconf 86' lang='lat' dir='ltr'>quotiensque</span> <span class='ocrx_word' id='word_1_109' title='bbox 1102 1138 1313 1192; x_wconf 88' lang='lat' dir='ltr'>remittes,</span> 
     </span>
     <span class='ocr_line' id='line_1_18' title="bbox 122 1196 1233 1254; baseline -0.005 -13"><span class='ocrx_word' id='word_1_110' title='bbox 122 1199 309 1254; x_wconf 82' lang='lat' dir='ltr'>Spesque</span> <span class='ocrx_word' id='word_1_111' title='bbox 340 1198 477 1252; x_wconf 84' lang='lat' dir='ltr'>magis</span> <span class='ocrx_word' id='word_1_112' title='bbox 509 1197 652 1238; x_wconf 85' lang='lat' dir='ltr'>veniat</span> <span class='ocrx_word' id='word_1_113' title='bbox 683 1199 799 1238; x_wconf 87' lang='lat' dir='ltr'>certa</span> <span class='ocrx_word' id='word_1_114' title='bbox 829 1196 1051 1249; x_wconf 90' lang='lat' dir='ltr'>minorque</span> <span class='ocrx_word' id='word_1_115' title='bbox 1083 1199 1233 1237; x_wconf 85' lang='lat' dir='ltr'>metus.</span> 
     </span>
     <span class='ocr_line' id='line_1_19' title="bbox 62 1254 1256 1308; baseline -0.004 -9"><span class='ocrx_word' id='word_1_116' title='bbox 62 1257 221 1299; x_wconf 87' lang='lat' dir='ltr'>Munda</span> <span class='ocrx_word' id='word_1_117' title='bbox 252 1257 324 1298; x_wconf 90' lang='lat' dir='ltr'>sed</span> <span class='ocrx_word' id='word_1_118' title='bbox 356 1270 377 1296; x_wconf 92' lang='lat' dir='ltr'>e</span> <span class='ocrx_word' id='word_1_119' title='bbox 409 1255 546 1296; x_wconf 88' lang='lat' dir='ltr'>medio</span> <span class='ocrx_word' id='word_1_120' title='bbox 579 1257 864 1308; x_wconf 87' lang='lat' dir='ltr'>consuetaque</span> <span class='ocrx_word' id='word_1_121' title='bbox 896 1254 1042 1308; x_wconf 88' lang='lat' dir='ltr'>verba,</span> <span class='ocrx_word' id='word_1_122' title='bbox 1072 1254 1256 1308; x_wconf 87' lang='lat' dir='ltr'>puellae,</span> 
     </span>
     <span class='ocr_line' id='line_1_20' title="bbox 28 1312 1111 1366; baseline -0.005 -9"><span class='ocrx_word' id='word_1_123' title='bbox 28 1328 44 1352; x_wconf 86' lang='grc' dir='ltr'>ο</span> <span class='ocrx_word' id='word_1_124' title='bbox 124 1315 323 1357; x_wconf 70' lang='lat' dir='ltr'>scribite:</span> <span class='ocrx_word' id='word_1_125' title='bbox 355 1313 561 1354; x_wconf 82' lang='lat' dir='ltr'>sermonis</span> <span class='ocrx_word' id='word_1_126' title='bbox 593 1313 763 1366; x_wconf 87' lang='lat' dir='ltr'>publica</span> <span class='ocrx_word' id='word_1_127' title='bbox 793 1312 932 1352; x_wconf 86' lang='lat' dir='ltr'>forma</span> <span class='ocrx_word' id='word_1_128' title='bbox 961 1312 1111 1366; x_wconf 87' lang='lat' dir='ltr'>placet.</span> 
     </span>
     <span class='ocr_line' id='line_1_21' title="bbox 64 1369 1144 1428; baseline -0.006 -12"><span class='ocrx_word' id='word_1_129' title='bbox 64 1375 120 1416; x_wconf 81' lang='lat' dir='ltr'>A!</span> <span class='ocrx_word' id='word_1_130' title='bbox 154 1373 350 1428; x_wconf 88' lang='lat' dir='ltr'>quotiens</span> <span class='ocrx_word' id='word_1_131' title='bbox 383 1371 534 1412; x_wconf 87' lang='lat' dir='ltr'>dubius</span> <span class='ocrx_word' id='word_1_132' title='bbox 568 1370 738 1424; x_wconf 89' lang='lat' dir='ltr'>scriptis</span> <span class='ocrx_word' id='word_1_133' title='bbox 771 1369 929 1411; x_wconf 82' lang='lat' dir='ltr'>exarsit</span> <span class='ocrx_word' id='word_1_134' title='bbox 961 1372 1144 1424; x_wconf 89' lang='lat' dir='ltr'>amator,</span> 
     </span>
     <span class='ocr_line' id='line_1_22' title="bbox 121 1428 1123 1483; baseline -0.005 -10"><span class='ocrx_word' id='word_1_135' title='bbox 121 1432 180 1473; x_wconf 87' lang='lat' dir='ltr'>Et</span> <span class='ocrx_word' id='word_1_136' title='bbox 209 1430 356 1472; x_wconf 88' lang='lat' dir='ltr'>nocuit</span> <span class='ocrx_word' id='word_1_137' title='bbox 387 1430 548 1470; x_wconf 85' lang='lat' dir='ltr'>formae</span> <span class='ocrx_word' id='word_1_138' title='bbox 580 1429 762 1469; x_wconf 86' lang='lat' dir='ltr'>barbara</span> <span class='ocrx_word' id='word_1_139' title='bbox 792 1428 940 1483; x_wconf 86' lang='lat' dir='ltr'>lingua</span> <span class='ocrx_word' id='word_1_140' title='bbox 970 1428 1123 1468; x_wconf 86' lang='lat' dir='ltr'>bonae!</span> 
     </span>
     <span class='ocr_line' id='line_1_23' title="bbox 65 1485 1204 1543; baseline -0.004 -12"><span class='ocrx_word' id='word_1_141' title='bbox 65 1489 148 1531; x_wconf 81' lang='lat' dir='ltr'>Sed</span> <span class='ocrx_word' id='word_1_142' title='bbox 179 1489 396 1543; x_wconf 86' lang='lat' dir='ltr'>quoniam,</span> <span class='ocrx_word' id='word_1_143' title='bbox 428 1487 619 1541; x_wconf 76' lang='lat' dir='ltr'>quamvis</span> <span class='ocrx_word' id='word_1_144' title='bbox 651 1487 783 1527; x_wconf 86' lang='lat' dir='ltr'>vittae</span> <span class='ocrx_word' id='word_1_145' title='bbox 815 1485 994 1527; x_wconf 88' lang='lat' dir='ltr'>careatis</span> <span class='ocrx_word' id='word_1_146' title='bbox 1025 1485 1204 1540; x_wconf 86' lang='lat' dir='ltr'>honore,</span> 
     </span>
     <span class='ocr_line' id='line_1_24' title="bbox 121 1544 1023 1597; baseline -0.004 -9"><span class='ocrx_word' id='word_1_147' title='bbox 121 1548 203 1589; x_wconf 87' lang='lat' dir='ltr'>Est</span> <span class='ocrx_word' id='word_1_148' title='bbox 233 1546 354 1587; x_wconf 81' lang='lat' dir='ltr'>vobis</span> <span class='ocrx_word' id='word_1_149' title='bbox 386 1549 550 1587; x_wconf 83' lang='lat' dir='ltr'>vestros</span> <span class='ocrx_word' id='word_1_150' title='bbox 581 1545 727 1586; x_wconf 87' lang='lat' dir='ltr'>fallere</span> <span class='ocrx_word' id='word_1_151' title='bbox 761 1559 860 1586; x_wconf 89' lang='lat' dir='ltr'>cura</span> <span class='ocrx_word' id='word_1_152' title='bbox 890 1544 1023 1597; x_wconf 80' lang='lat' dir='ltr'>viros,</span> 
     </span>
     <span class='ocr_line' id='line_1_25' title="bbox 13 1601 1105 1659; baseline -0.002 -16"><span class='ocrx_word' id='word_1_153' title='bbox 13 1617 46 1643; x_wconf 73' lang='lat'>85</span> <span class='ocrx_word' id='word_1_154' title='bbox 64 1606 257 1647; x_wconf 84' lang='lat' dir='ltr'>Ancillae</span> <span class='ocrx_word' id='word_1_155' title='bbox 289 1604 491 1659; x_wconf 86' lang='lat' dir='ltr'>puerique</span> <span class='ocrx_word' id='word_1_156' title='bbox 523 1618 651 1644; x_wconf 86' lang='lat' dir='ltr'>manu</span> <span class='ocrx_word' id='word_1_157' title='bbox 681 1605 875 1657; x_wconf 88' lang='lat' dir='ltr'>perarate</span> <span class='ocrx_word' id='word_1_158' title='bbox 907 1601 1105 1655; x_wconf 86' lang='lat' dir='ltr'>tabellas,</span> 
     </span>
     <span class='ocr_line' id='line_1_26' title="bbox 122 1661 1096 1718; baseline -0.004 -14"><span class='ocrx_word' id='word_1_159' title='bbox 122 1663 308 1718; x_wconf 85' lang='lat' dir='ltr'>Pignora</span> <span class='ocrx_word' id='word_1_160' title='bbox 338 1677 415 1703; x_wconf 92' lang='lat' dir='ltr'>nec</span> <span class='ocrx_word' id='word_1_161' title='bbox 446 1676 577 1716; x_wconf 91' lang='lat' dir='ltr'>puero</span> <span class='ocrx_word' id='word_1_162' title='bbox 609 1661 766 1703; x_wconf 87' lang='lat' dir='ltr'>credite</span> <span class='ocrx_word' id='word_1_163' title='bbox 797 1664 938 1701; x_wconf 86' lang='lat' dir='ltr'>vestra</span> <span class='ocrx_word' id='word_1_164' title='bbox 968 1674 1096 1700; x_wconf 83' lang='lat' dir='ltr'>novo:</span> 
     </span>
     <span class='ocr_line' id='line_1_27' title="bbox 64 1718 996 1775; baseline -0.004 -13"><span class='ocrx_word' id='word_1_165' title='bbox 64 1721 164 1762; x_wconf 88' lang='lat' dir='ltr'>Vidi</span> <span class='ocrx_word' id='word_1_166' title='bbox 196 1735 275 1775; x_wconf 90' lang='lat' dir='ltr'>ego</span> <span class='ocrx_word' id='word_1_167' title='bbox 307 1720 494 1760; x_wconf 86' lang='lat' dir='ltr'>fallentis</span> <span class='ocrx_word' id='word_1_168' title='bbox 525 1720 609 1760; x_wconf 90' lang='lat' dir='ltr'>isto</span> <span class='ocrx_word' id='word_1_169' title='bbox 641 1722 802 1760; x_wconf 89' lang='lat' dir='ltr'>terrore</span> <span class='ocrx_word' id='word_1_170' title='bbox 833 1718 996 1772; x_wconf 89' lang='lat' dir='ltr'>puellas</span> 
     </span>
     <span class='ocr_line' id='line_1_28' title="bbox 125 1776 1130 1831; baseline -0.004 -11"><span class='ocrx_word' id='word_1_171' title='bbox 125 1778 354 1820; x_wconf 80' lang='lat' dir='ltr'>Servitium</span> <span class='ocrx_word' id='word_1_172' title='bbox 385 1778 560 1818; x_wconf 88' lang='lat' dir='ltr'>miseras</span> <span class='ocrx_word' id='word_1_173' title='bbox 591 1780 759 1831; x_wconf 89' lang='lat' dir='ltr'>tempus</span> <span class='ocrx_word' id='word_1_174' title='bbox 790 1777 835 1817; x_wconf 88' lang='lat' dir='ltr'>in</span> <span class='ocrx_word' id='word_1_175' title='bbox 867 1790 990 1817; x_wconf 91' lang='lat' dir='ltr'>omne</span> <span class='ocrx_word' id='word_1_176' title='bbox 1023 1776 1130 1830; x_wconf 80' lang='lat' dir='ltr'>pati3</span> 
     </span>
     <span class='ocr_line' id='line_1_29' title="bbox 65 1834 1215 1889; baseline -0.004 -11"><span class='ocrx_word' id='word_1_177' title='bbox 65 1837 254 1878; x_wconf 86' lang='lat' dir='ltr'>Perfidus</span> <span class='ocrx_word' id='word_1_178' title='bbox 286 1836 357 1876; x_wconf 91' lang='lat' dir='ltr'>ille</span> <span class='ocrx_word' id='word_1_179' title='bbox 391 1835 577 1889; x_wconf 89' lang='lat' dir='ltr'>quidem,</span> <span class='ocrx_word' id='word_1_180' title='bbox 609 1835 680 1888; x_wconf 93' lang='lat' dir='ltr'>qui</span> <span class='ocrx_word' id='word_1_181' title='bbox 711 1835 816 1875; x_wconf 87' lang='lat' dir='ltr'>talia</span> <span class='ocrx_word' id='word_1_182' title='bbox 846 1834 1026 1889; x_wconf 87' lang='lat' dir='ltr'>pignora</span> <span class='ocrx_word' id='word_1_183' title='bbox 1058 1837 1215 1887; x_wconf 81' lang='lat' dir='ltr'>servat,</span> 
     </span>
     <span class='ocr_line' id='line_1_30' title="bbox 14 1891 1151 1936; baseline -0.004 0"><span class='ocrx_word' id='word_1_184' title='bbox 14 1907 46 1932; x_wconf 76' lang='lat'>90</span> <span class='ocrx_word' id='word_1_185' title='bbox 125 1894 212 1936; x_wconf 81' lang='lat' dir='ltr'>Sed·</span> <span class='ocrx_word' id='word_1_186' title='bbox 237 1897 381 1935; x_wconf 85' lang='lat' dir='ltr'>tamen</span> <span class='ocrx_word' id='word_1_187' title='bbox 411 1893 592 1934; x_wconf 85' lang='lat' dir='ltr'>Aetnaei</span> <span class='ocrx_word' id='word_1_188' title='bbox 623 1892 813 1933; x_wconf 74' lang='lat' dir='ltr'>fulminis</span> <span class='ocrx_word' id='word_1_189' title='bbox 844 1892 981 1933; x_wconf 87' lang='lat' dir='ltr'>instar</span> <span class='ocrx_word' id='word_1_190' title='bbox 1011 1891 1151 1932; x_wconf 87' lang='lat' dir='ltr'>habet.</span> 
     </span>
     <span class='ocr_line' id='line_1_31' title="bbox 65 1949 1251 2004; baseline -0.004 -10"><span class='ocrx_word' id='word_1_191' title='bbox 65 1953 208 1994; x_wconf 89' lang='lat' dir='ltr'>Iudice</span> <span class='ocrx_word' id='word_1_192' title='bbox 240 1966 306 1992; x_wconf 93' lang='lat' dir='ltr'>me</span> <span class='ocrx_word' id='word_1_193' title='bbox 337 1952 453 1992; x_wconf 82' lang='lat' dir='ltr'>fraus</span> <span class='ocrx_word' id='word_1_194' title='bbox 486 1954 550 1992; x_wconf 89' lang='lat' dir='ltr'>est</span> <span class='ocrx_word' id='word_1_195' title='bbox 581 1965 780 1992; x_wconf 88' lang='lat' dir='ltr'>concessa</span> <span class='ocrx_word' id='word_1_196' title='bbox 811 1950 1012 2004; x_wconf 90' lang='lat' dir='ltr'>repellere</span> <span class='ocrx_word' id='word_1_197' title='bbox 1043 1949 1251 2004; x_wconf 85' lang='lat' dir='ltr'>fraudem,</span> 
     </span>
     <span class='ocr_line' id='line_1_32' title="bbox 124 2007 1146 2063; baseline -0.004 -12"><span class='ocrx_word' id='word_1_198' title='bbox 124 2011 338 2063; x_wconf 86' lang='lat' dir='ltr'>Armaque</span> <span class='ocrx_word' id='word_1_199' title='bbox 369 2010 414 2050; x_wconf 89' lang='lat' dir='ltr'>in</span> <span class='ocrx_word' id='word_1_200' title='bbox 446 2012 632 2050; x_wconf 88' lang='lat' dir='ltr'>armatos</span> <span class='ocrx_word' id='word_1_201' title='bbox 665 2022 828 2049; x_wconf 82' lang='lat' dir='ltr'>sumere</span> <span class='ocrx_word' id='word_1_202' title='bbox 859 2008 953 2049; x_wconf 89' lang='lat' dir='ltr'>iura</span> <span class='ocrx_word' id='word_1_203' title='bbox 985 2007 1146 2048; x_wconf 74' lang='lat' dir='ltr'>sinimt:</span> 
     </span>
     <span class='ocr_line' id='line_1_33' title="bbox 65 2065 1184 2120; baseline -0.003 -11"><span class='ocrx_word' id='word_1_204' title='bbox 65 2069 230 2110; x_wconf 84' lang='lat' dir='ltr'>Ducere</span> <span class='ocrx_word' id='word_1_205' title='bbox 263 2071 512 2109; x_wconf 87' lang='lat' dir='ltr'>consuescat</span> <span class='ocrx_word' id='word_1_206' title='bbox 542 2067 698 2107; x_wconf 84' lang='lat' dir='ltr'>multas</span> <span class='ocrx_word' id='word_1_207' title='bbox 730 2080 879 2107; x_wconf 90' lang='lat' dir='ltr'>manus</span> <span class='ocrx_word' id='word_1_208' title='bbox 911 2080 995 2106; x_wconf 88' lang='lat' dir='ltr'>una</span> <span class='ocrx_word' id='word_1_209' title='bbox 1025 2065 1184 2120; x_wconf 87' lang='lat' dir='ltr'>figuras</span> 
     </span>
     <span class='ocr_line' id='line_1_34' title="bbox 126 2122 1196 2181; baseline -0.003 -14"><span class='ocrx_word' id='word_1_210' title='bbox 126 2126 200 2181; x_wconf 83' lang='lat' dir='ltr'>(A!</span> <span class='ocrx_word' id='word_1_211' title='bbox 232 2128 424 2179; x_wconf 86' lang='lat' dir='ltr'>pereant,</span> <span class='ocrx_word' id='word_1_212' title='bbox 455 2140 530 2179; x_wconf 90' lang='lat' dir='ltr'>per</span> <span class='ocrx_word' id='word_1_213' title='bbox 562 2139 666 2178; x_wconf 92' lang='lat' dir='ltr'>quos</span> <span class='ocrx_word' id='word_1_214' title='bbox 697 2124 782 2165; x_wconf 91' lang='lat' dir='ltr'>ista</span> <span class='ocrx_word' id='word_1_215' title='bbox 813 2124 1023 2165; x_wconf 89' lang='lat' dir='ltr'>monenda</span> <span class='ocrx_word' id='word_1_216' title='bbox 1053 2122 1196 2180; x_wconf 83' lang='lat' dir='ltr'>mihi),</span> 
     </span>
     <span class='ocr_line' id='line_1_35' title="bbox 16 2182 1042 2236; baseline -0.003 -10"><span class='ocrx_word' id='word_1_217' title='bbox 16 2196 48 2221; x_wconf 76' lang='lat'>95</span> <span class='ocrx_word' id='word_1_218' title='bbox 67 2183 155 2225; x_wconf 84' lang='lat' dir='ltr'>Nec</span> <span class='ocrx_word' id='word_1_219' title='bbox 187 2183 269 2224; x_wconf 82' lang='lat' dir='ltr'>nisi</span> <span class='ocrx_word' id='word_1_220' title='bbox 302 2183 450 2224; x_wconf 84' lang='lat' dir='ltr'>deletis</span> <span class='ocrx_word' id='word_1_221' title='bbox 482 2186 624 2223; x_wconf 83' lang='lat' dir='ltr'>tutum</span> <span class='ocrx_word' id='word_1_222' title='bbox 655 2182 885 2228; x_wconf 85' lang='lat' dir='ltr'>rescribere</span> <span class='ocrx_word' id='word_1_223' title='bbox 918 2182 1042 2236; x_wconf 85' lang='lat' dir='ltr'>ceris,</span> 
     </span>
     <span class='ocr_line' id='line_1_36' title="bbox 125 2240 1090 2296; baseline -0.002 -13"><span class='ocrx_word' id='word_1_224' title='bbox 125 2241 190 2283; x_wconf 82' lang='lat' dir='ltr'>Ne</span> <span class='ocrx_word' id='word_1_225' title='bbox 221 2244 365 2282; x_wconf 86' lang='lat' dir='ltr'>teneat</span> <span class='ocrx_word' id='word_1_226' title='bbox 398 2241 586 2296; x_wconf 86' lang='lat' dir='ltr'>geminas</span> <span class='ocrx_word' id='word_1_227' title='bbox 618 2255 701 2282; x_wconf 88' lang='lat' dir='ltr'>una</span> <span class='ocrx_word' id='word_1_228' title='bbox 732 2240 890 2281; x_wconf 90' lang='lat' dir='ltr'>tabella</span> <span class='ocrx_word' id='word_1_229' title='bbox 921 2254 1090 2295; x_wconf 70' lang='lat' dir='ltr'>manus,</span> 
     </span>
     <span class='ocr_line' id='line_1_37' title="bbox 66 2299 1082 2353; baseline -0.002 -12"><span class='ocrx_word' id='word_1_230' title='bbox 66 2299 243 2341; x_wconf 86' lang='lat' dir='ltr'>Femina</span> <span class='ocrx_word' id='word_1_231' title='bbox 275 2299 439 2340; x_wconf 81' lang='lat' dir='ltr'>dicatur</span> <span class='ocrx_word' id='word_1_232' title='bbox 470 2299 673 2340; x_wconf 87' lang='lat' dir='ltr'>scribenti</span> <span class='ocrx_word' id='word_1_233' title='bbox 705 2313 870 2353; x_wconf 89' lang='lat' dir='ltr'>semper</span> <span class='ocrx_word' id='word_1_234' title='bbox 902 2301 1082 2340; x_wconf 86' lang='lat' dir='ltr'>amator:</span> 
     </span>
     <span class='ocr_line' id='line_1_38' title="bbox 125 2357 1064 2411; baseline -0.002 -12"><span class='ocrx_word' id='word_1_235' title='bbox 125 2357 205 2399; x_wconf 90' lang='lat' dir='ltr'>Illa</span> <span class='ocrx_word' id='word_1_236' title='bbox 236 2357 293 2399; x_wconf 86' lang='lat' dir='ltr'>sit</span> <span class='ocrx_word' id='word_1_237' title='bbox 322 2358 368 2398; x_wconf 90' lang='lat' dir='ltr'>in</span> <span class='ocrx_word' id='word_1_238' title='bbox 397 2357 568 2411; x_wconf 82' lang='lat' dir='ltr'>vestris,</span> <span class='ocrx_word' id='word_1_239' title='bbox 600 2357 672 2411; x_wconf 88' lang='lat' dir='ltr'>qui</span> <span class='ocrx_word' id='word_1_240' title='bbox 702 2357 785 2398; x_wconf 84' lang='lat' dir='ltr'>fuit</span> <span class='ocrx_word' id='word_1_241' title='bbox 814 2357 904 2411; x_wconf 89' lang='lat' dir='ltr'>ille,</span> <span class='ocrx_word' id='word_1_242' title='bbox 935 2357 1064 2398; x_wconf 83' lang='lat' dir='ltr'>notis!</span> 
     </span>
    </p>
   </div>
   <div class='ocr_carea' id='block_1_3' title="bbox 0 123 5 342">
    <p class='ocr_par' dir='ltr' id='par_1_3' title="bbox 0 123 5 342">
     <span class='ocr_line' id='line_1_39' title="bbox 0 123 5 342; baseline 0 2320"><span class='ocrx_word' id='word_1_243' title='bbox 0 123 5 342; x_wconf 95' lang='lat' dir='ltr'> </span> 
     </span>
    </p>
   </div>
   <div class='ocr_carea' id='block_1_4' title="bbox 0 403 8 551">
    <p class='ocr_par' dir='ltr' id='par_1_4' title="bbox 0 403 8 551">
     <span class='ocr_line' id='line_1_40' title="bbox 0 403 8 551; baseline 0 2111"><span class='ocrx_word' id='word_1_244' title='bbox 0 403 8 551; x_wconf 95' lang='lat' dir='ltr'> </span> 
     </span>
    </p>
   </div>
   <div class='ocr_carea' id='block_1_5' title="bbox 0 554 5 750">
    <p class='ocr_par' dir='ltr' id='par_1_5' title="bbox 0 554 5 750">
     <span class='ocr_line' id='line_1_41' title="bbox 0 554 5 750; baseline 0 1912"><span class='ocrx_word' id='word_1_245' title='bbox 0 554 5 750; x_wconf 95' lang='lat' dir='ltr'> </span> 
     </span>
    </p>
   </div>
  </div>
 </body>
</html>
