1690 2656
182 165 238 207 92
699 165 994 200 HERomEs

129 272 161 297 35
182 260 435 315 Terrigenas
467 262 650 315 populos
684 260 798 301 civili
830 260 967 301 Marte
999 264 1242 315 peremptos

241 319 431 373 Inplesse
465 319 618 360 aetatis
651 319 741 359 fata
773 318 925 359 diurna
957 333 1068 360 suae.

181 376 386 418 Devictus
420 392 604 431 serpens.
642 376 818 431 iterum,
850 377 885 418 si
917 377 1033 418 vivat
1064 377 1211 432 Iason,

241 435 510 490 Quaerimus,
544 435 757 476 alternant
791 449 970 490 spesque
1002 435 1215 489 timorque
1248 436 1403 488 fidem]

182 491 361 548 Singula
393 494 493 534 dum
524 496 689 548 narrat,
721 493 862 534 studio
897 508 1104 547 cursuque
1137 494 1337 547 loquendi

127 562 161 585 40
239 552 416 605 Detegit
446 551 620 606 ingenio
652 552 828 592 vulnera
859 555 1007 593 nostra
1041 567 1128 593 suo.

180 609 293 650 Heu!
326 610 399 650 ubi
430 613 557 664 pacta
587 610 721 651 fides?
753 610 827 650 ubi
861 610 1103 651 conubialia
1132 611 1227 651 iura

239 667 413 721 Faxque
447 669 525 709 sub
559 683 731 709 arsuros
765 668 935 723 dignior
965 669 1026 709 ire
1059 669 1218 723 rogos‘?

181 725 282 767 Non
314 741 393 781 ego
427 742 521 767 sum
553 726 668 768 furto
701 726 783 767 tibi
817 727 1007 782 cognita:
1039 728 1235 781 pronuba
1267 727 1375 768 luno

240 784 392 825 Adfuit
424 788 466 826 et
499 785 623 826 sertis
656 788 852 839 tempora
883 785 1052 827 vinctus
1084 785 1271 840 Hymen3

126 854 160 878 45
179 842 239 883 At
272 843 379 884 mihi
409 858 487 884 nec
520 844 645 897 Iuno,
676 858 754 884 nec
786 843 975 898 Hymen,
1006 844 1079 885 sed
1111 844 1249 885 tristis
1281 844 1438 898 Erinys

238 901 449 942 Praetulit
480 901 693 942 infaustas
726 902 1057 956 sanguinulenta
1088 902 1215 943 faces.

180 959 291 1007 Quid
323 960 429 1000 mihi
462 975 558 1000 cum
590 959 766 1014 Minyis,
798 960 899 1013 quid
932 975 1028 1001 cnm
1061 960 1280 1001 Tritonide
1313 961 1445 1014 pinu?

239 1017 349 1066 Quid
380 1018 460 1058 tibi
493 1033 589 1059 cum
620 1018 778 1072 patria,
809 1019 954 1059 navita
985 1018 1142 1073 Tiphy,
1173 1019 1295 1059 mea?

179 1075 280 1117 Non
312 1079 402 1117 erat
433 1076 502 1117 hic
536 1076 644 1117 aries
677 1076 778 1117 villo
812 1077 1059 1130 spectabilis
1095 1092 1276 1132 aureo,*

126 1143 160 1168 50
239 1133 330 1175 Nec
362 1134 474 1175 senis
506 1134 666 1175 Aeetae
698 1135 818 1189 regia
848 1134 1034 1176 Lemnos
1068 1139 1169 1176 erat.

180 1192 308 1234 Certa
338 1192 401 1233 fui
432 1193 571 1247 primo
605 1192 698 1248 (sed
729 1208 796 1233 me
829 1194 942 1234 mala
973 1194 1063 1234 fata
1094 1194 1352 1244 trahebant).

239 1251 425 1305 Hospita
456 1251 640 1291 feminea
669 1251 827 1305 pellere
861 1254 1001 1292 castra
1035 1266 1183 1305 manu,

179 1309 517 1362 Lemniadesque
549 1310 682 1363 viros,
713 1309 894 1350 nimium
927 1324 1114 1364 quoque,
1148 1310 1314 1351 vincere
1347 1313 1522 1351 norunt:

239 1367 377 1408 Milite
409 1370 499 1408 tam
532 1367 635 1408 forti
668 1368 756 1408 vita
788 1369 947 1408 tuenda
977 1368 1076 1409 fuit!

126 1435 159 1460 55
179 1425 295 1466 Urbe
328 1426 466 1466 virum
492 1426 596 1466 vidi:
628 1429 827 1480 tectoque
861 1426 1086 1480 animoque
1119 1427 1275 1481 recepi!

237 1484 320 1525 Hic
352 1484 433 1524 tibi
465 1484 616 1538 bisque
649 1487 787 1525 aestas
821 1484 971 1538 bisque
1005 1485 1192 1526 cucurrit
1225 1485 1403 1540 hiemps.

180 1542 325 1583 Tertia
356 1543 508 1583 messis
541 1546 650 1597 erat,
683 1557 779 1583 cum
812 1546 860 1583 tu
893 1543 991 1583 dare
1024 1544 1117 1584 vela
1149 1547 1322 1585 coactus

238 1600 419 1654 Inplesti
450 1601 639 1642 lacrimis
672 1601 777 1642 talia
808 1601 938 1641 verba
970 1601 1073 1641 tuis:

181 1658 456 1713 eAbstrahor,
487 1659 743 1713 Hypsipyle,
781 1660 853 1699 sed
892 1660 992 1699 dent
1028 1660 1154 1700 modo
1186 1660 1276 1701 fata
1307 1662 1519 1702 recursus!

126 1727 159 1752 60
237 1717 315 1757 Vir
347 1720 446 1758 tuus
478 1717 578 1758 hinc
611 1718 735 1771 abeo,
766 1717 830 1758 vir
862 1717 942 1758 tibi
975 1732 1141 1772 semper
1173 1732 1263 1773 ero,

179 1774 300 1823 Quod
332 1779 477 1816 tamen
508 1790 529 1816 e
560 1776 685 1816 nobis
719 1775 894 1830 gravida
926 1776 1088 1816 celatur
1117 1777 1164 1816 in
1196 1778 1310 1829 alvo,

238 1834 386 1888 Vivat,
418 1837 460 1874 et
493 1834 681 1874 eiusdem
715 1834 847 1874 simus
879 1837 1058 1887 uterque
1089 1835 1276 1888 parensl'

178 1892 415 1946 Hactenus,
448 1895 489 1933 et
520 1892 707 1933 lacrimis
739 1892 785 1932 in
815 1892 924 1933 falsa
957 1893 1206 1934 cadentibus
1235 1908 1309 1934 ora

238 1948 389 1990 Cetera
420 1954 462 1991 te
494 1951 668 1991 memini
699 1965 787 1991 non
817 1951 1009 2004 potuisse
1041 1951 1177 2006 loqui3

125 2019 158 2044 65
178 2007 367 2048 Ultimus
400 2023 421 2049 e
455 2009 581 2050 sociis
615 2024 779 2050 sacram
812 2010 1059 2050 conscendis
1092 2010 1138 2049 in
1167 2009 1329 2064 Argon.

236 2065 317 2106 Illa
348 2066 482 2121 volat3
513 2070 666 2108 ventus
700 2082 885 2108 concava
916 2068 1009 2108 vela
1040 2071 1176 2121 tenet,

179 2122 360 2165 Caerula
390 2125 617 2178 propulsae
651 2126 902 2167 subducitur
933 2126 1046 2166 unda
1079 2126 1263 2167 carinae:

236 2182 366 2222 Terra
397 2182 496 2236 tibi,
526 2184 651 2224 nobis
685 2185 979 2238 adspiciuntur
1011 2199 1155 2238 aquae.

177 2240 229 2280 In
259 2240 373 2280 latus
407 2255 530 2282 omne
562 2245 712 2295 patens
745 2242 876 2283 turris
909 2242 1198 2296 circumspicit
1230 2243 1381 2283 undas:

126 2310 158 2334 70
236 2298 332 2340 Huc
363 2298 495 2352 feror,
527 2302 569 2339 et
599 2300 785 2340 lacrimis
819 2315 950 2353 osque
983 2301 1183 2354 sinusque
1216 2301 1397 2341 madent.

177 2357 258 2398 Per
288 2356 486 2398 lacrimas
520 2360 684 2412 specto,
716 2358 975 2412 cupidaeque
1007 2359 1195 2400 faventia
1226 2359 1358 2399 menti
