1690 2656
317 157 402 198 206
771 155 874 189 ARS
900 153 1203 188 AMATORIA.

264 263 297 289 65
318 252 433 293 Dum
466 254 629 303 monet,
662 253 782 304 aptat
815 264 921 304 opus
953 263 1085 303 puero
1118 251 1415 302 monstratque
1448 247 1629 302 moveri,

377 310 531 351 Erudit
564 310 755 350 infirmas
787 311 836 348 ut
869 323 945 349 sua
976 310 1113 348 mater
1145 321 1261 361 aves,

317 368 421 409 Inde
455 368 536 409 sibi
568 367 704 408 factas
737 366 894 407 umeris
928 366 1223 407 accommodat
1255 364 1342 406 alas

377 426 541 479 Perque
572 440 733 466 novum
764 425 913 466 timide
946 438 1125 478 corpora
1156 424 1287 464 librat
1318 423 1419 478 iter3

318 485 495 538 Iamque
527 484 748 525 volaturus
779 498 911 538 parvo
944 482 1060 523 dedit
1092 482 1237 523 oscula
1267 484 1390 536 nato,

267 555 300 580 70
378 542 468 583 Nec
500 542 664 596 patriae
696 541 895 583 lacrimas
929 540 1174 582 continuere
1208 554 1351 595 genae.

319 601 467 642 Monte
501 601 641 641 minor
673 600 812 655 collis,
845 599 1005 654 campis
1040 602 1131 640 erat
1164 599 1291 640 altior
1323 597 1486 651 aequis:

378 659 491 700 Hinc
524 660 623 700 data
656 662 756 700 sunt
786 659 966 699 miserae
999 671 1178 711 corpora
1208 657 1310 697 bina
1341 656 1479 712 fugae.

335 718 393 759 Et
424 721 568 759 movet
599 718 691 771 ipse
724 732 822 758 suas
855 720 897 758 et
927 716 1018 757 nati
1049 715 1225 770 respicit
1258 715 1346 756 alas

380 775 594 817 Daedalus
627 779 670 816 et
702 790 850 817 cursus
883 775 1066 816 sustinet
1097 788 1231 827 usque
1265 787 1383 828 suos3

268 847 300 871 τὸ
322 834 498 888 lamque
529 848 688 875 novum
720 834 903 875 delectat
934 833 1034 887 iter,
1064 832 1291 887 positoque
1323 831 1476 873 timore

380 893 526 934 Icarus
560 892 708 934 audaci
739 892 894 933 fortius
927 895 1017 932 arte
1049 891 1182 932 volat:

286 951 413 992 *Hos
447 951 619 1006 aliquis,
650 951 834 992 tremula
866 951 967 991 dum
998 952 1143 1004 captat
1174 948 1410 990 harundine
1440 947 1598 1002 pisces,

379 1009 519 1063 Vidit,
551 1013 593 1050 et
623 1009 842 1063 inceptum
874 1009 1021 1049 dextra
1052 1007 1226 1061 reliquit
1260 1021 1413 1061 opus*

322 1068 415 1109 Iam
449 1067 599 1109 Samos
633 1083 656 1108 a
687 1068 826 1121 laeva,
858 1067 1046 1122 (fuerant
1078 1065 1309 1118 Naxosque
1341 1064 1513 1106 relictae

270 1138 302 1162 80
382 1126 440 1167 Et
472 1125 605 1167 Paros
639 1129 680 1166 et
713 1124 855 1167 Clario
887 1125 1018 1166 Delos
1051 1127 1194 1165 amata
1226 1121 1323 1178 deo)

322 1185 486 1226 Dextra
516 1184 767 1238 Lebynthos
800 1186 892 1224 erat
924 1182 1126 1236 silvisque
1158 1182 1362 1223 umbrosa
1394 1179 1597 1235 Calymne

384 1241 618 1296 Cinctaque
650 1242 831 1296 piscosis
863 1241 1125 1295 Astypalaea
1156 1240 1294 1294 vadis,

325 1300 433 1342 Cum
464 1315 586 1355 puer,
617 1300 802 1342 incautis
834 1299 1014 1340 nimium
1047 1298 1298 1340 temerarius
1332 1297 1472 1353 annis,

382 1359 525 1400 Altius
559 1359 649 1414 egit
678 1359 761 1400 iter
793 1358 1063 1411 deseruitque
1094 1360 1272 1411 patrem.

271 1429 303 1454 85
323 1417 478 1459 Vincla
508 1418 676 1472 labant,
707 1420 748 1458 et
782 1431 876 1458 cera
908 1417 985 1457 deo
1017 1415 1216 1470 propiore
1248 1414 1464 1469 liquescit,

382 1475 472 1517 Nec
504 1479 652 1517 tenues
685 1478 835 1516 ventos
868 1474 1067 1516 bracchia
1099 1477 1216 1515 mota
1248 1476 1412 1527 tenent3

324 1534 515 1575 Territus
549 1549 573 1575 a
606 1549 771 1575 summo
805 1533 989 1587 dispexit
1019 1533 1065 1573 in
1097 1547 1282 1586 aequora
1314 1531 1447 1573 caelo:

383 1592 481 1633 Nox
514 1592 648 1634 oculis
679 1592 833 1646 pavido
866 1591 983 1632 venit
1015 1592 1168 1631 oborta
1199 1593 1327 1631 metu.

324 1651 570 1692 Tabuerant
602 1652 737 1692 cerae!
769 1650 906 1691 nudos
939 1649 1078 1703 quatit
1109 1649 1181 1689 ille
1212 1649 1395 1689 lacertos

273 1722 306 1746 90
383 1710 443 1750 Et
473 1709 661 1763 trepidat
691 1723 787 1763 nec,
819 1722 902 1761 quo
935 1707 1215 1761 sustineatur,
1245 1706 1392 1759 habet3

325 1767 497 1809 Decidit
530 1770 656 1822 atque
687 1767 840 1808 cadens
868 1766 1021 1820 ‘pater,
1055 1779 1078 1805 0
1104 1768 1245 1819 pater,
1276 1763 1476 1805 auferor!'
1508 1763 1665 1817 inquit:

386 1824 640 1867 Clauserunt
671 1825 826 1866 virides
860 1839 934 1865 ora
964 1823 1178 1877 loquentis
1212 1837 1356 1876 aquae.

325 1884 385 1925 At
417 1887 539 1938 pater
569 1883 718 1924 infelix
748 1897 826 1924 nec
857 1882 944 1923 iam
975 1885 1097 1936 pater
1130 1881 1294 1923 ‘Iearet'
1329 1881 1502 1935 clamat,

387 1942 552 1997 ‘Icaref
586 1942 742 1983 clamat
775 1941 863 1981 ‘ubi
896 1956 939 1981 es
974 1954 1142 1994 quoque
1176 1940 1253 1980 sub
1287 1954 1362 1980 axe
1394 1937 1557 1980 volas?'

273 2013 306 2036 95
327 2000 493 2041 ‘Icarel'
527 2000 757 2042 clamabat:
788 1999 940 2053 pinnas
974 1998 1167 2052 adspexit
1197 1998 1243 2038 in
1273 1997 1414 2038 undis!

387 2058 493 2099 Ossa
525 2059 634 2113 tegit
665 2058 811 2111 tellus3
843 2071 1027 2111 aequora
1057 2070 1214 2097 nomen
1244 2056 1414 2096 habent.

326 2116 427 2158 Non
458 2117 600 2171 potuit
631 2117 771 2157 Minos
803 2115 990 2156 hominis
1023 2129 1273 2169 conpescere
1305 2114 1474 2168 pinnas:

386 2175 482 2229 Ipse
516 2175 640 2215 deum
671 2175 887 2216 volucrem
920 2173 1151 2214 detinuisse
1182 2173 1304 2227 paro!

327 2233 529 2287 Fallitur,
560 2233 821 2274 Haemonias
855 2232 987 2285 siquis
1021 2231 1207 2272 decurrit
1238 2231 1290 2271 ad
1322 2233 1434 2271 artes

259 2304 309 2328 100
388 2291 578 2345 Datque,
610 2292 722 2344 quod
755 2307 779 2332 a
810 2290 947 2331 teneri
979 2290 1119 2330 fronte
1152 2289 1318 2329 revellit
1350 2288 1466 2342 equi3

328 2349 429 2391 Non
459 2349 636 2403 facient,
667 2353 715 2389 ut
747 2349 863 2390 vivat
896 2362 1031 2399 amor,
1063 2347 1274 2388 Medeides
1306 2347 1462 2387 herbae
