1674 2662
604 155 630 196 Ι,
657 166 816 191 ‹us—0⁰1.
1303 156 1385 197 201

0 262 41 288 ³55
60 250 204 292 Iustus
235 253 411 303 uterque
443 249 541 291 fuit:
573 264 708 304 neque
741 250 852 291 enim
883 250 948 291 lex
981 250 1154 305 aequior
1184 250 1330 303 ullast,
1663 252 1674 304 ,1,

118 306 254 356 Quam
285 308 399 349 necis
434 308 615 349 artifices
649 312 738 348 arte
770 308 905 361 perire
939 323 1025 349 sua.

58 365 175 420 Ergo
207 368 255 406 ut
285 366 475 420 periuras
507 366 659 407 merito
690 365 875 420 periuria
906 365 1074 420 fallant,

117 423 324 477 Exemplo
357 424 498 465 doleat
528 423 687 465 femina
717 424 831 465 laesa
863 425 956 465 suo!

59 481 117 522 Et
147 481 347 522 lacrimae
379 485 575 536 prosunt:
608 481 793 523 lacrimis
825 482 1051 523 adamanta
1082 481 1288 523 movebis!

0 551 41 576 =60
118 538 203 580 Fac
236 539 424 580 madidas
456 539 681 593 videat,'si
713 543 852 593 potes,
883 539 957 580 illa
989 554 1136 595 genas,

61 595 104 638 Si
142 597 340 638 lacrimae
373 604 526 652 (bneque
559 597 671 638 enim
702 597 876 638 veniunt
906 598 951 638 in
981 601 1171 651 tempore
1204 595 1388 651 semper)

117 654 345 709 Deficient,
375 656 458 696 uda
488 656 649 696 lumina
680 658 807 709 tange
839 657 983 696 manu!

59 711 162 761 Quis
195 713 363 767 sapiens
395 713 561 754 blandis
593 727 679 754 non
710 713 886 754 misceat
918 713 1063 755 oscula
1093 713 1263 754 verbis?

118 770 199 812 Illa
228 770 329 812 licet
359 785 445 812 11011
477 771 564 824 det,
594 785 680 811 non
712 771 811 812 data·
843 785 960 812 sume
991 772 1151 812 tamen!

0 840 39 865 :65
58 827 275 883 Pugnabit
307 829 443 882 primo
476 829 671 870 fortassis
704 832 745 869 et
777 828 984 883 ‘inprobe'
1016 829 1142 870 dicet:

117 886 351 941 Pugnando
382 887 494 928 vinci
526 901 569 928 se
600 890 744 927 tamen
773 886 847 927 illa
878 887 1009 941 volet,

60 943 242 985 Tantum
272 958 324 985 ne
355 947 537 985 noceant
567 944 724 984 teneris
756 944 866 984 male
897 948 1019 998 rapta
1049 945 1234 998 labellis,

116 1001 233 1043 Neve
265 1002 383 1067 queri
413 1002 551 1056 possit
582 1002 687 1042 dura
717 1001 866 1056 fuisse,
898 1003 1014 1043 cave!

59 1058 213 1101 Oscula
244 1060 316 1113 qui
348 1060 542 1114 sumpsit,
574 1059 610 1100 si
641 1073 727 1100 non
758 1063 800 1100 et
832 1063 971 1101 cetera
1002 1060 1202 1115 sumpsit,

0 1130 40 1154 70
116 1117 232 1159 Haec
266 1131 451 1171 quoque,
488 1131 594 1171 quae
627 1118 725 1158 data
757 1120 873 1171 sunt,
905 1118 1077 1171 perdere
1110 1118 1262 1174 dignus
1295 1118 1388 1159 erit.

60 1174 276 1223 Quantum
307 1175 497 1216 defuerat
527 1175 652 1229 pleno
683 1178 782 1229 post
813 1175 957 1216 oscula
987 1176 1117 1217 voto?

116 1233 170 1274 Ei
202 1232 323 1274 mihi!
355 1233 591 1287 rusticitas,
621 1246 707 1274 non
736 1233 872 1286 pudor
902 1233 974 1274 ille
1007 1233 1107 1274 fuit!

59 1290 159 1332 Vim
191 1291 291 1332 licet
324 1291 527 1344 appelles,
560 1294 723 1345 gratast
753 1290 815 1331 vis
847 1290 932 1331 ista
961 1291 1131 1345 puellis:

118 1348 239 1397 Quod
270 1349 406 1402 iuvat,
436 1348 594 1389 invitae
627 1362 750 1402 saepe
783 1349 945 1389 dedisse
977 1349 1136 1389 volunt.

0 1420 40 1443 ;τ.·,
60 1405 401 1460 Quaecumquest
432 1406 609 1447 Venen's
643 1406 784 1447 subita
815 1406 974 1447 violata
1004 1406 1170 1460 rapina,

119 1464 302 1518 Gaudet,
333 1468 375 1505 et
405 1464 642 1518 inprobitas
674 1464 860 1504 muneris
891 1464 1028 1505 instar
1058 1465 1204 1519 habet3

58 1522 116 1563 At
150 1536 256 1576 quae
288 1536 384 1563 cum
414 1525 560 1576 posset
592 1521 705 1576 cogi,
735 1536 821 1562 non
853 1525 966 1563 tacta
997 1522 1189 1576 recessit,

117 1578 177 1620 Ut
208 1579 378 1620 simulet
409 1579 531 1620 vultu
563 1580 733 1635 gaudia,
763 1579 900 1620 tristis
932 1579 1024 1621 erit.

58 1637 158 1678 Vim
189 1641 357 1692 passast
386 1636 575 1691 Phoebe,
605 1637 669 1678 vis
701 1641 766 1678 est
797 1637 926 1678 allata
958 1638 1110 1693 sorori3

0 1707 41 1732 :80
118 1695 176 1736 Et
208 1698 354 1750 gratus
386 1699 532 1749 raptae
562 1699 710 1749 raptor
739 1698 916 1749 uterque
947 1695 1040 1736 fuit.

59 1752 222 1794 Pabula
251 1756 355 1794 nota
386 1753 573 1807 quidem,
604 1753 675 1794 sed
707 1767 793 1794 non
823 1749 998 1808 indigna
1028 1752 1175 1794 referri

119 1809 287 1865 Scyrias
318 1810 556 1851 Haemonio
586 1811 729 1852 iuncta
761 1811 902 1865 puella
933 1811 1040 1852 viro:

59 1868 151 1910 Iam
184 1869 259 1909 dea
289 1868 487 1909 laudatae
519 1868 689 1909 dederat
720 1869 830 1909 mala
862 1868 1050 1922 praemia
1079 1868 1241 1910 formae

118 1924 235 1968 Colle
268 1926 345 1967 sub
378 1926 504 1967 Idaeo
536 1926 702 1967 vincere
735 1926 861 1981 digna
894 1927 1014 1981 duas3

0 1995 40 2021 ;s5
59 1983 151 2026 Iam
182 1998 314 2025 nurus
346 1984 397 2025 ad
427 1983 645 2025 Priamum
677 1983 840 2025 diverso
873 1987 1045 2025 venerat
1077 1984 1195 2039 orbe,

118 2041 329 2096 Graiaque
359 2042 404 2082 in
434 2041 576 2083 Iliacis
608 2042 828 2082 moenibus
860 2056 966 2083 uxor
997 2045 1104 2097 erat3

58 2099 264 2141 Iurabant
295 2114 440 2141 omnes
470 2100 515 2140 in
545 2100 649 2140 laesi
679 2099 809 2140 verba
838 2100 999 2141 mariti:

116 2156 228 2198 Nam
260 2158 381 2198 dolor
410 2158 536 2198 unius
567 2157 738 2212 publica
768 2171 894 2199 causa
925 2157 1024 2212 fuit3

59 2214 232 2270 (Turpe!
263 2215 347 2256 nisi
378 2215 457 2257 hoc
490 2215 639 2256 matris
669 2215 865 2270 precibus
896 2215 1136 2266 tribuisset)
1166 2216 1356 2260 Achilles
1665 2216 1674 2262 ἐ

0 2283 40 2309 ⁵9⁰
115 2272 245 2314 Veste
277 2273 415 2314 virum
445 2273 575 2328 longa
606 2273 896 2314 dissimulatus
928 2277 1030 2315 erat.
1666 2289 1674 2298 ··

59 2329 168 2378 Quid
198 2330 322 2386 facis,
352 2331 564 2372 Aeacide?
593 2345 681 2372 non
712 2334 810 2373 sunt
841 2334 917 2373 tua
946 2346 1121 2374 munera
1150 2333 1289 2375 lanae:
1666 2318 1674 2399 fl

0 2534 1674 2662 ——Q
