1674 2662
579 158 604 200 I,
633 170 697 201 1111⁷
724 168 755 193 57
773 170 876 201 —VI,
902 168 946 193 32.

101 252 279 308 Singula
311 252 412 307 quid
443 252 652 293 referam?
684 253 745 294 nil
775 267 862 294 non
892 252 1105 293 laudabile
1137 253 1224 293 vidi

158 311 216 352 Et
246 311 404 352 nudam
435 311 570 364 pressi
604 325 756 365 corpus
790 312 842 352 ad
873 324 1006 363 usque
1038 325 1191 351 meum.

45 380 80 405 25
101 367 251 410 Cetera
283 369 377 423 quis
410 369 574 410 nescit?
606 369 708 410 lassi
740 369 1024 423 requievimus
1058 369 1195 409 ambo.

158 427 417 468 Proveniant
449 427 577 468 medii
610 427 668 468 sic
702 427 807 468 mihi
840 441 964 481 saepe
998 426 1102 467 dies!

29 542 278 596 VLIanitor,
310 543 550 598 indignum,
583 543 685 583 dura
717 543 895 598 religate
929 546 1096 595 catena,

157 600 388 642 Difficilem
420 606 537 642 moto
571 601 738 642 cardine
771 602 907 655 pande
942 601 1096 642 forem!

99 658 220 707 Quod
251 673 418 713 precor,
450 659 709 714 exiguumst:
743 659 861 700 aditu
892 660 957 700 fac
990 659 1117 700 ianua
1149 673 1280 713 parvo

159 716 391 771 Obliquum
423 718 563 771 capiat
597 718 905 772 semiadaperta
936 718 1066 758 latus!

61 787 78 812 5
99 774 274 830 Longus
308 790 426 816 amor
458 775 564 816 tales
598 790 749 829 corpus
783 776 974 816 tenuavit
1006 776 1052 815 in
1083 790 1183 816 usus

156 833 355 887 Aptaque
387 834 594 874 subducto
628 848 803 887 corpore
836 834 1025 874 membra
1059 834 1190 887 dedit3

98 890 177 932 Ille
209 906 283 944 per
315 891 514 932 excubias
548 892 773 932 custodum
804 891 956 932 leniter
987 892 1047 932 ire

155 948 387 1003 Monstrat,
418 949 649 990 inoffensos
682 949 829 1004 dirigit
860 949 931 990 ille
962 949 1102 1003 pedes.

98 1007 156 1049 At
190 1007 404 1060 quondam
434 1011 604 1048 noctem
637 1007 946 1061 simulacraque
978 1022 1086 1048 vana
1117 1007 1341 1062 timebam3

43 1078 78 1102 10
155 1065 362 1119 Mirabar,
394 1066 580 1106 tenebris
614 1066 807 1120 quisquis
838 1066 977 1106 iturus
1010 1069 1117 1106 erat:

96 1123 228 1177 Risit,
258 1127 307 1164 ut
340 1124 548 1177 audirem,
586 1128 732 1165 tenera
764 1139 861 1165 cum
891 1127 1027 1164 matre
1061 1122 1224 1178 Cupido

155 1182 213 1222 Et
244 1181 394 1223 leviter
427 1181 516 1222 ‘fies
548 1185 596 1222 tu
629 1196 795 1235 quoque
827 1181 967 1222 fortis’
1002 1182 1072 1223 ait.

95 1238 186 1280 Nec
218 1254 355 1293 mora,
386 1240 503 1281 venit-
535 1254 670 1281 amor:
701 1254 789 1280 non
818 1240 991 1280 umbras
1016 1243 1141 1281 nocte
1173 1239 1378 1294 volantis,

156 1297 256 1338 Non
287 1298 417 1338 timeo
452 1297 624 1338 strictas
657 1298 702 1338 in
733 1312 827 1339 mea
857 1298 948 1339 fata
979 1313 1148 1352 manus3

45 1367 78 1393 15
99 1355 157 1396 Te
188 1356 369 1396 nimium
400 1355 564 1396 lentum
596 1355 746 1409 timeo,
777 1356 858 1396 tibi
889 1356 1085 1397 blandior
1116 1356 1206 1397 uni:

156 1413 238 1465 Tu,
270 1428 336 1454 me
370 1428 453 1467 quo
486 1414 625 1468 possis
657 1414 850 1468 perdeie,
881 1413 1044 1454 fulmen
1073 1414 1217 1455 habes.

97 1472 301 1526 Adspice,
333 1470 417 1527 (uti
448 1472 609 1523 videas,
640 1472 810 1512 1111111113
842 1472 1028 1513 claustra
1059 1471 1240 1527 relaxal)

156 1529 252 1570 Uda
284 1530 340 1570 sit
370 1533 419 1570 ut
449 1506 635 1571 lacrimis
667 1530 795 1570 ianua
826 1530 941 1571 facta
973 1530 1094 1571 meis!

99 1586 224 1629 Certe
257 1602 357 1643 egO,
387 1602 484 1629 cum
514 1588 655 1642 posita
689 1592 823 1629 stares
857 1589 909 1629 ad
940 1589 1115 1629 verbera
1145 1592 1281 1642 veste,

45 1658 79 1682 20
154 1646 223 1687 Ad
255 1646 471 1687 dominam
501 1661 578 1700 pro
611 1650 653 1687 te
685 1647 815 1687 verba-
845 1650 1054 1687 tremente
1087 1646 1184 1701 tuli,

97 1704 215 1759 Ergo
250 1718 356 1758 quae
388 1704 522 1745 valuit
554 1719 631 1758 pro
664 1708 705 1745 te
738 1719 904 1758 quoque
937 1705 1077 1760 gratia
1109 1705 1334 1758 quondam,

157 1762 254 1803 Heu
284 1762 468 1803 facinus!
500 1777 577 1816 pro
610 1777 676 1803 me
707 1777 819 1804 nunc
852 1763 965 1803 valet
996 1763 1070 1804 illa
1101 1764 1280 1817 parum?

98 1819 242 1861 Redde
274 1821 410 1861 vicem
442 1821 622 1861 meritis!
656 1824 779 1876 grato
810 1821 910 1862 11001
944 1836 1053 1876 esse,
1085 1821 1198 1875 quod
1230 1824 1365 1874 optas.

157 1878 367 1932 Tempora
396 1878 536 1919 noctis
569 1882 686 1932 eunt3
718 1883 867 1920 excute
898 1882 1021 1933 poste
1055 1879 1207 1919 seram!

45 1948 80 1973 25
98 1936 280 1977 Excute:
313 1936 371 1977 sic
405 1951 608 1990 umquam
638 1936 768 1991 longa
799 1937 983 1977 relevere
1016 1940 1182 1990 catena,

158 1994 249 2036 Nec
279 1994 360 2035 tibi
391 1997 598 2048 perpetuo
632 2008 752 2035 serva
783 1995 957 2034 bibatur
989 1996 1114 2048 aqua!

98 2052 279 2093 Ferreus
314 2056 507 2093 orantem
536 2052 813 2105 nequiquam,
843 2052 1019 2105 ianitor,
1052 2052 1190 2106 audis,

157 2110 404 2151 Roboribus
437 2110 552 2151 (luris
583 2110 712 2151 ianua
742 2109 852 2150 fulta
883 2110 1006 2165 riget.

98 2167 288 2209 Urbibus
321 2169 506 2209 obsessis
540 2168 706 2209 clausae
738 2168 974 2209 munimina
1005 2170 1154 2222 portae

44 2237 80 2262 30
157 2225 360 2267 Prosunt:
392 2226 438 2266 111
469 2226 608 2267 media
638 2240 740 2280 pace
773 2226 874 2280 quid
906 2240 1023 2267 arma,
1054 2226 1210 2267 times?

100 2283 209 2332 Quid
239 2284 369 2325 facies
400 2284 534 2338 hosti,
566 2284 638 2337 qui
670 2284 730 2325 sic
762 2284 949 2325 excludis
981 2284 1224 2325 amant-em?

157 2342 366 2396 Tempora
396 2342 536 2383 noctis
569 2346 688 2397 eunt3
720 2346 869 2383 excute
899 2345 1022 2397 poste
1055 2343 1208 2384 seram!
