1674 2662
570 122 628 156 XI.
657 120 870 155 CANACE
897 131 1039 156 29—102.
1385 123 1469 164 115

196 214 384 257 Crimina
417 219 515 256 sunt
548 216 680 257 oculis
713 216 984 269 subripienda
1014 216 1160 270 patris.

136 274 376 315 Frondibus
408 274 616 315 infantem
648 274 860 327 ramisque
893 274 1076 315 albentis
1109 274 1244 315 olivae

194 332 252 373 Et
283 332 446 373 levibus
480 332 599 372 vittis
632 332 777 373 sedula
809 332 918 373 celat
949 346 1054 373 anus

136 390 168 431 F
172 390 341 443 ictaque.
375 405 493 431 sacra
523 390 627 431 facit
660 390 844 443 dicitque
875 390 1093 444 precantia
1124 391 1269 432 verba:

83 459 116 483 το
194 448 280 488 Dat
311 448 493 502 populus
527 448 675 502 sacris,
707 449 779 488 dat
810 451 932 502 pater
962 448 1052 502 ipse
1084 449 1207 490 viam.

135 506 226 547 Iam
257 521 388 560 prope
420 506 549 546 limen
581 510 687 546 erat:
718 507 880 560 patrias
911 507 1081 561 vagitus
1114 507 1166 548 ad
1198 507 1310 548 auris

193 564 341 617 Venit,
373 567 415 604 et
446 564 602 605 indicio
635 564 830 618 proditur
860 564 932 605 ille
966 579 1053 605 suo.

135 622 276 676 Eripit
306 622 514 663 infantem
546 623 807 675 mentitaque
841 637 961 663 sacra
992 623 1151 663 revelat

193 680 370 721 Aeolus:
401 680 552 721 insana
582 681 699 734 regia
731 695 831 721 voce
865 684 1000 721 sonat.

83 750 114 773 τί»
135 738 194 779 Ut
226 753 340 779 mare
372 739 420 778 fit
451 738 698 792 tremulum,
729 738 846 779 tenui
879 754 974 779 cum
1006 739 1233 794 strmgitur
1265 755 1384 795 31113,

192 795 252 837 Ut
284 797 475 850 quatitur
506 796 649 850 tepido
681 797 847 837 fraxina
878 798 997 851 virga
1029 796 1145 838 Noto
1154 832 1164 851 7

136 853 203 896 Sic
237 870 330 895 mea
362 855 519 894 vibrari
549 854 754 908 pallentia
785 855 975 895 membra
1007 855 1187 896 videres:

194 913 382 961 Quassus
415 913 467 952 ab
499 912 687 965 inposito
720 927 895 966 corpore
926 913 1061 953 lectus
1095 916 1195 954 erat.

133 971 271 1011 Inruit
302 974 344 1011 et
375 973 569 1010 nostrum
601 970 749 1024 vulgat
781 971 964 1011 clamore
994 971 1200 1024 pudorem

80 1040 113 1063 80
191 1029 249 1069 Et
279 1028 349 1068 vix
382 1043 405 1069 a
437 1028 592 1069 misero
625 1028 815 1069 continet
848 1043 918 1068 ore
951 1043 1119 1083 manus3

133 1087 230 1141 Ipsa
261 1086 368 1126 nihil
400 1090 567 1140 praeter
598 1086 794 1127 lacrimas
826 1087 1074 1140 pudibunda
1104 1088 1291 1141 profudi:

190 1144 426 1198 Torpuerat
459 1144 597 1199 gelido
630 1145 777 1199 lingua
808 1148 975 1185 retenta
1006 1148 1133 1185 metu.

132 1202 306 1256 Iamque
339 1202 428 1243 (1311
459 1217 637 1256 parvum
669 1202 928 1256 canibusque
961 1203 1193 1257 avibusque
1224 1209 1423 1259 nepotem

190 1260 378 1301 Iusserat
408 1260 454 1300 in
486 1260 586 1300 solis
620 1260 876 1313 destituique
907 1261 1029 1301 locis:

79 1330 111 1353 δῦ
132 1318 315 1373 Vagitus
348 1318 462 1358 dedit
493 1318 564 1358 ille
596 1318 724 1358 miser
756 1317 958 1373 (sensisse
990 1322 1182 1373 putares)

191 1378 366 1429 Quaque
400 1391 522 1416 suum
552 1379 722 1430 poterat
753 1390 854 1417 voce
886 1377 1068 1430 rogabat
1099 1392 1234 1418 avum.

134 1434 243 1483 Quid
274 1434 378 1475 mihi
410 1438 512 1475 tunc
545 1434 675 1474 animi
708 1434 861 1487 credis,
893 1449 1110 1488 germane,
1141 1435 1272 1477 fuisse

191 1492 321 1545 [Nam
352 1496 474 1546 potes
507 1507 557 1532 ex
590 1492 730 1532 animo
764 1492 962 1547 colligere
994 1493 1085 1546 ipse
1117 1495 1211 1547 tuo)
1220 1528 1230 1547 ‚

132 1549 238 1591 Cum
270 1565 364 1591 mea
395 1565 460 1591 me
494 1564 636 1591 coram
670 1551 796 1591 silvas
828 1550 1025 1591 inimicus
1057 1551 1102 1591 in
1134 1551 1241 1593 altas

78 1619 110 1643 90
188 1608 365 1649 Viscera
397 1608 610 1649 montanis
642 1608 773 1649 ferret
804 1609 961 1649 edenda
992 1608 1133 1662 lupis?

130 1666 305 1706 Exierat
335 1666 542 1720 thalam03
574 1670 674 1707 tunc
708 1667 877 1708 demum
908 1670 1081 1720 pectora
1111 1668 1259 1722 plangi

190 1722 381 1779 Contigit
412 1724 538 1777 inque
570 1739 684 1765 meas
716 1725 931 1779 unguibus
962 1725 1023 1765 ire
1056 1740 1210 1766 comas.

130 1782 297 1822 Interea
328 1782 492 1835 patrius
525 1782 645 1822 vultu
677 1786 890 1823 maerente
924 1783 1094 1823 satelles

189 1839 319 1880 Venit
352 1842 393 1880 et-
425 1839 623 1894 indignos
655 1841 787 1881 edidit
818 1856 888 1881 ore
922 1855 1066 1881 sonos:

77 1909 109 1933 1¹5
132 1897 305 1938 ‘Aeolus
337 1897 447 1939 hunc
481 1911 625 1938 ensem
656 1898 792 1938 mittit
824 1898 919 1939 tibi'
953 1898 1148 1953 (tradidit
1180 1899 1340 1955 ensem)

188 1955 260 1996 eEt
291 1955 411 1996 iubet
442 1970 492 1996 ex
523 1956 675 1996 merito
709 1956 833 2010 scire,
864 1956 964 2010 quid
995 1957 1076 1997 iste
1108 1957 1238 1997 velit?

131 2013 296 2055 Scimus
329 2017 370 2054 et
403 2017 571 2054 utemur
602 2013 788 2054 violento
822 2013 992 2054 fortiter
1024 2029 1138 2056 ense:

187 2071 436 2112 Pectoribus
470 2072 648 2112 condam
680 2072 789 2112 dona
820 2075 997 2126 paterna
1028 2072 1144 2114 meis.

128 2129 207 2170 His
241 2144 334 2170 mea
365 2130 629 2181 muneribus,
662 2130 842 2184 genitor,
875 2131 1057 2171 conubia
1088 2131 1248 2172 donas?

61 2200 109 2223 ιο»
185 2187 276 2228 Hac
309 2190 383 2228 tua
415 2188 530 2237 dote,
560 2191 699 2241 pater,
729 2187 964 2229 filiadives
996 2189 1092 2229 erit!

127 2245 244 2286 Tolle
276 2246 423 2299 procul
456 2246 627 2299 decepte
658 2245 790 2299 faces,
820 2246 1083 2302 Hymenaee,
1113 2247 1288 2288 maritas

185 2303 243 2344 Et
274 2304 373 2358 fuge
405 2304 577 2344 turbato
610 2307 723 2345 tecta
752 2304 934 2345 nefanda
964 2306 1085 2359 pede!

1128 2374 1176 2406 8*
