1674 2662
564 159 608 202 ΙΙ,
635 171 720 203 xvn,
748 169 965 203 13-xv1111,
995 170 1036 194 10.
1434 161 1490 202 43

99 267 130 291 15
151 254 264 295 Risit
296 254 431 296 Amor
462 253 704 308 pallamque
737 268 873 295 meam
905 254 1127 308 pictosque
1161 254 1392 296 cothurnos

212 311 471 367 Sceptraque
503 312 670 366 privata
704 315 791 353 tam
825 312 909 353 cito
944 315 1114 367 sumpta
1146 327 1291 367 manu,

149 370 261 412 Hinc
296 385 463 424 quoque
495 385 562 411 me
595 370 790 411 dominae
821 385 979 411 numen
1011 371 1183 412 deduxit
1213 371 1403 425 iniquae,

208 429 354 483 Deque
388 428 644 470 cothurnato
677 432 773 470 vate
806 428 1043 483 triumphat
1075 429 1220 470 Amor.

150 487 272 536 Quod
303 488 420 541 licet,
453 490 525 528 aut
558 490 669 528 artes
702 487 837 527 teneri
870 488 1120 541 profitemur
1152 487 1344 542 Amoris,

97 557 131 582 20
209 544 282 600 (Ei
314 545 435 586 mihi!
468 542 706 599 praeceptis
738 559 894 599 urgeor
925 546 1015 599 ipse
1049 544 1173 599 meis)

150 603 258 656 Aut,
290 604 403 657 quod
434 603 668 657 Penelopes
701 604 842 644 verbis
875 604 1076 644 reddatur
1108 603 1242 657 Ulixi,

211 661 446 703 Scribimus
479 665 521 703 et
552 662 769 715 lacrimas,
800 662 942 716 Phylli
974 662 1140 716 relicta,
1172 666 1286 716 tuas,

151 719 272 769 Quod
303 720 424 761 Paris
457 723 498 761 et
529 719 750 761 Macareus
784 723 825 761 et
859 720 971 774 quod
1003 720 1112 761 male
1146 724 1294 775 gratus
1326 720 1423 761 Iaso

209 778 519 833 Hippolytique
550 793 704 832 parens
736 778 1081 832 Hippolytusque
1114 778 1281 833 legant,

96 848 129 873 25
151 836 355 891 Quodque
387 840 536 877 tenens
569 837 766 878 strictum
798 836 909 877 Dido
942 837 1197 877 miserabilis
1230 851 1373 878 ensem

208 895 336 936 Dicat
369 898 410 935 et
442 895 606 935 Aoniae
639 894 789 935 Lesbis
821 894 1008 947 †amata
1038 895 1166 948 lyrae.

151 952 286 1002 Quam
318 953 403 994 cito
437 953 486 994 de
519 956 613 994 toto
646 953 771 993 rediit
803 967 921 993 meus
956 953 1057 993 orbe
1092 952 1275 994 Sabinus

209 1010 462 1066 Scriptaque
495 1011 672 1052 diversis
703 1011 872 1052 rettulit
902 1011 973 1052 ille
1005 1011 1128 1052 locis!

149 1068 340 1111 Candida
371 1069 582 1124 Penelope
616 1069 788 1124 signum
820 1069 1021 1124 cognovit
1054 1069 1212 1122 Ulixis,

96 1139 130 1164 30
207 1128 334 1183 Legit
367 1129 418 1169 ab
451 1128 689 1182 Hippolyto
723 1127 883 1181 scripta
914 1142 1097 1169 noverca
1130 1142 1224 1181 suo3

150 1186 243 1227 Iam
274 1187 369 1240 pius
402 1187 569 1227 Aeneas
601 1186 780 1227 miserae
812 1186 1031 1240 rescripsit
1064 1186 1249 1235 Elissae,

209 1244 413 1298 Quodque
444 1244 561 1299 legat
592 1244 776 1298 Phyllis,
809 1244 844 1284 si
876 1245 1002 1284 modo
1035 1244 1160 1298 vivit,
1193 1245 1329 1299 adest,

149 1302 302 1344 Tristis
335 1303 386 1343 ad
417 1302 687 1357 Hypsipylen
718 1303 770 1342 ab
803 1301 955 1343 Iasone
986 1302 1131 1343 littera
1163 1303 1297 1357 venit,

207 1361 292 1402 Det
324 1363 468 1402 votam
499 1360 674 1401 Phoebo
707 1360 858 1400 Lesbis
893 1363 1034 1401 amata
1065 1360 1213 1414 lyram.

96 1432 130 1457 35
149 1418 239 1461 Nec
272 1419 370 1474 tibi,
403 1433 485 1472 qua
516 1422 659 1459 tutum
691 1418 797 1472 vati,
829 1417 989 1472 Macer,
1021 1433 1138 1459 arma
1172 1419 1341 1459 canenti

207 1478 374 1518 Aureus
406 1477 449 1518 in
482 1477 621 1518 medio
654 1476 791 1517 Marte
824 1479 991 1517 tacetur
1023 1476 1175 1517 Amor:

148 1536 207 1577 Et
238 1535 359 1576 Paris
392 1538 457 1576 est
488 1535 575 1576 illic
610 1538 652 1576 et
684 1535 893 1588 adultera,
923 1534 1067 1575 nobile
1100 1534 1276 1589 crimen,

207 1594 265 1635 Et
299 1608 438 1635 comes
473 1594 662 1634 extincto
695 1593 930 1634 Laudamia
961 1593 1064 1633 viro.

152 1651 196 1693 Si
228 1652 334 1693 bene
366 1655 409 1693 te
440 1652 557 1706 novi,
589 1666 676 1692 non
707 1651 819 1692 bella
850 1651 1053 1692 libentius
1087 1651 1181 1692 istis

97 1723 130 1747 40
208 1710 327 1752 Dicis
360 1713 402 1751 et
435 1725 459 1751 a
489 1710 644 1751 vestris
675 1710 721 1750 in
752 1724 845 1750 mea
879 1713 1019 1751 castra
1050 1709 1179 1751 venis.

9 1826 208 1868 XVIHI.Si
240 1827 320 1868 tibi
350 1840 437 1867 non
470 1840 575 1880 opus
608 1828 673 1866 est
705 1829 888 1879 servata,
921 1825 1068 1878 stulte,
1099 1824 1257 1878 puella,

208 1886 266 1926 At
299 1885 405 1926 mihi
437 1884 502 1925 fac
537 1898 701 1937 serves,
734 1898 816 1937 quo
850 1884 987 1938 magis
1018 1883 1109 1936 ipse
1141 1882 1279 1923 velim.

150 1943 272 1992 Quod
301 1943 419 1997 licet,
450 1942 730 1997 ingratiimst3
763 1942 875 1996 quod
906 1956 993 1982 non
1023 1941 1142 1995 licet,
1175 1941 1313 1981 acrius
1345 1942 1450 1982 urit:

208 2001 388 2043 Ferreus
421 2004 505 2053 est,
537 2000 691 2053 siquis,
724 2000 835 2053 quod
868 1999 969 2040 sinit
1003 1999 1126 2052 alter,
1159 2002 1285 2039 amat.

0 2054 1 2119 l
113 2072 129 2097 5
151 2059 376 2114 Speremus
408 2059 586 2113 pariter,
617 2057 777 2111 pariter
808 2060 1048 2098 metuamus
1082 2060 1292 2111 amantes,

209 2118 267 2158 Et
298 2117 429 2158 faciat
460 2120 561 2157 voto
594 2131 689 2157 rara
721 2116 891 2169 repulsa
921 2115 1079 2156 locum!

148 2175 240 2224 Quo
273 2175 379 2216 mihi
410 2175 646 2227 fortunam,
679 2188 786 2227 quae
817 2188 1050 2228 numquam
1082 2173 1229 2214 fallere
1263 2174 1412 2215 curet?

206 2233 280 2275 Nil
312 2248 409 2288 ego,
442 2233 554 2287 quod
584 2232 702 2273 nullo
735 2236 926 2286 tempore
957 2232 1116 2286 laedat,
1148 2246 1255 2273 amo.

146 2291 324 2333 Viderat
355 2292 434 2332 hoc
467 2291 513 2331 in
544 2305 610 2331 me
642 2290 793 2331 fitium
825 2293 997 2331 versuta
1030 2289 1234 2344 Corinna,

95 2363 127 2387 10
206 2350 380 2405 Quaque
413 2349 507 2404 capi
538 2363 726 2404 possem,
758 2349 909 2390 callida
941 2352 1066 2390 norat
1100 2363 1234 2402 opem.
