1674 2662
629 160 654 203 Ι,
680 174 713 203 x,
741 171 907 204 24—111‚
935 171 960 195 3.
1409 161 1461 201 17

126 254 380 298 Scindentur
410 259 570 311 vestes,
602 269 793 310 gemmae
825 255 1077 311 frangentur
1108 258 1151 297 et
1183 270 1350 296 aurum:

186 312 385 355 Carmina
417 328 545 367 quam
576 314 785 367 tribuent,
815 313 930 355 fama
960 314 1156 368 perennis
1189 314 1281 355 erit.

124 371 214 414 Nec
247 372 363 427 dare,
395 373 467 413 sed
498 372 684 426 pretium
715 372 835 427 posci
867 372 1071 426 dedignor
1103 375 1145 413 et
1177 372 1262 413 odi:

183 429 306 479 Quod
335 445 446 486 nego
478 430 690 485 poscenti,
722 430 864 471 desine
896 430 1021 484 velle,
1053 430 1174 471 dabo.

40 549 99 585 XI.
126 545 337 602 Colligere
369 547 556 587 incertos
589 549 631 587 et
662 546 708 587 in
740 546 884 587 ordine
916 560 1072 600 ponere
1105 547 1241 587 crines

183 605 323 646 Docta
353 618 489 658 neque
523 604 697 646 ancillas
729 604 841 645 inter
872 604 1066 645 habenda
1098 603 1219 659 Nape

124 662 257 716 Inque
289 662 538 704 ministeriis
570 663 753 704 furtivae
786 663 959 717 cognita
989 663 1127 704 noctis

183 720 314 762 Utilis
346 724 388 762 et
420 721 568 762 dandis
600 721 823 776 ingeniosa
853 721 985 774 notis,

87 790 103 816 5
126 778 258 834 Saepe
291 779 432 820 venire
465 779 518 820 ad
549 794 616 820 me
648 779 914 820 dubitantem
945 779 1119 820 hortata
1151 777 1398 833 Corinnam,

184 837 316 892 Saepe
349 837 562 878 laboranti
593 837 678 878 fida
708 840 876 891 reperta
908 837 1031 891 mihi,

123 895 281 950 Accipe
314 899 357 936 et
389 896 441 936 ad
472 895 689 936 dominam
718 898 937 949 peraratas
971 909 1094 936 mane
1126 895 1306 936 tabellas

182 953 328 994 Perfer
359 956 402 994 et
435 953 655 999 obstantes
688 953 833 994 sedula
863 953 972 1007 pelle
1004 955 1163 994 moras!

124 1011 214 1053 Nec
247 1012 414 1053 silicum
445 1026 574 1052 venae
605 1025 683 1052 nec
716 1011 868 1052 durum
898 1011 943 1052 in
973 1014 1144 1065 pectore
1176 1011 1337 1053 ferrum

73 1083 105 1107 ιο
182 1069 272 1111 Nec
303 1070 385 1110 tibi
418 1069 669 1124 simplicitas
703 1069 848 1111 ordine
881 1069 1017 1110 maior
1050 1070 1186 1124 adest3

125 1126 379 1170 Credibilest
409 1131 451 1169 et
482 1131 525 1169 te
559 1128 740 1169 sensisse
773 1126 994 1182 Cupidinis
1028 1142 1167 1170 arcus:

182 1186 233 1227 In
264 1201 330 1227 me
361 1186 540 1228 militiae
573 1186 696 1241 signa
727 1190 846 1227 tuere
878 1187 994 1227 tuae!

125 1243 170 1285 Si
203 1248 394 1298 quaeret,
426 1244 527 1298 quid
559 1259 702 1299 agam,
734 1259 806 1298 spe
837 1244 977 1286 noctis
1009 1244 1149 1285 vivere
1182 1244 1313 1300 dices3

184 1301 336 1344 Cetera
366 1302 450 1343 fert
480 1302 637 1343 blanda
668 1317 762 1344 cera
792 1305 944 1344 notata
975 1316 1115 1343 manu.

71 1372 103 1398 15
124 1360 237 1402 Dum
270 1360 439 1414 loquor,
475 1360 582 1401 hora
611 1360 741 1416 fugit:
780 1375 936 1402 vacuae
968 1361 1075 1401 bene
1106 1361 1232 1402 redde
1264 1361 1464 1416 tabellas,

183 1419 343 1460 Verum
375 1419 577 1460 continuo
610 1418 677 1460 fac
709 1418 958 1460 tamen-illa
988 1419 1121 1473 legat!

123 1477 348 1531 Adspicias
382 1477 527 1518 oculos
560 1477 714 1518 mando
746 1476 1015 1530 frontemque
1046 1476 1249 1531 legentis:

182 1535 218 1576 E
251 1535 384 1576 tacito
416 1535 538 1576 vultu
571 1535 677 1576 scire
708 1535 854 1576 futura
885 1535 996 1576 licet.

123 1592 214 1635 Nec
246 1607 383 1647 mora,
413 1593 611 1648 perlectis
643 1593 851 1634 rescribat
882 1593 1036 1647 multa,
1066 1593 1230 1634 iubeto:

72 1663 105 1688 20
184 1650 281 1705 Odi,
313 1666 408 1693 cum
437 1652 523 1693 late
557 1651 776 1706 splendida
807 1666 902 1693 cera
933 1654 1073 1705 vacat3

125 1708 375 1764 Conprimat
408 1710 626 1751 ordinibus
658 1724 823 1764 versus,
856 1710 1084 1763 oculosque
1117 1712 1307 1751 moretm·

182 1767 375 1823 Margine
407 1768 453 1808 in
484 1772 673 1809 extremo
705 1769 851 1809 littera
881 1783 979 1809 rasa
1009 1769 1144 1808 meos!

125 1825 236 1874 Quid
267 1826 425 1881 digitos
459 1840 564 1880 opus
598 1829 663 1867 est
696 1826 874 1881 graphio
906 1827 1066 1867 lassa-re
1098 1826 1309 1866 tenendo?

182 1884 276 1925 Hoc
307 1884 465 1925 habeat
498 1884 704 1938 scriptum
734 1887 828 1925 tota
859 1884 1019 1925 tabella
1050 1883 1193 1924 ‘venil’

0 1961 2 2007 ἱ
71 1953 104 1978 25
124 1941 225 1983 Non
257 1956 335 1997 ego
368 1942 564 1983 victrices
595 1942 714 1983 lauro
747 1942 943 1984 redimire
976 1941 1156 1982 tabellas

0 2018 1 2042 ς
152 2024 154 2027 ·
182 1999 273 2041 Nec
304 1999 484 2041 Veneris
516 2000 654 2041 media
684 2014 840 2054 ponere
871 2000 917 2041 in
949 2000 1047 2040 aede
1080 2014 1236 2053 morer3

125 2056 402 2099 Subscribam
434 2058 607 2099 ‘Veneri
638 2058 742 2099 fidas
777 2058 858 2098 sibi
889 2057 1007 2098 Naso
1040 2057 1257 2099 ministras

182 2116 390 2157 Dedicat.'
441 2119 485 2158 at
515 2131 650 2170 nuper
680 2116 763 2157 vile
794 2116 937 2157 fuistis
971 2130 1075 2157 acer.

18 2233 94 2271 XII.
122 2231 243 2273 Flete
275 2246 392 2273 meos
426 2246 564 2273 casus:
597 2232 743 2274 tristes
775 2232 935 2273 rediere
966 2231 1165 2274 tabellae!

181 2290 334 2332 Infelix
366 2290 491 2331 hodie
523 2291 668 2332 littera
698 2305 824 2345 posse
854 2294 995 2346 negat.

124 2347 276 2390 Omina
308 2352 408 2390 sunt
440 2349 616 2402 aliquid:
649 2350 775 2390 modo
809 2364 904 2391 cum
936 2349 1148 2391 discedere
1180 2318 1308 2390 vellet

193 2422 239 2449 Ov
220 2429 284 2449 vm
306 2423 330 2449 Ι.
1083 2428 1090 2434 ·
