1690 2656
237 142 291 183 88
762 142 1053 178 HEROIDES.

181 248 217 274 5⁰
295 237 499 279 Riserunt
532 238 708 279 comites
743 236 832 292 (ille
866 238 1074 279 secundus
1107 237 1234 294 erat)3

240 295 395 337 Oscula
428 297 626 337 dimissae
660 295 856 349 quotiens
889 296 1072 349 repetita
1103 297 1274 351 dedisti3

297 354 433 402 Quam
466 355 535 395 vix
569 354 774 394 sustinuit
807 353 944 394 dicere
976 354 1124 409 lingua
1157 354 1296 396 ‘vale'l

238 412 356 453 Aura
387 412 491 453 levis
524 412 663 467 rigido
695 412 925 465 pendentia
955 412 1088 453 lintea
1119 414 1233 454 malo

298 470 504 524 Suscitat⁷
537 474 578 510 et
610 470 737 511 remis
771 474 891 510 eruta
923 473 1045 511 canet
1077 485 1203 524 aqua:

182 538 216 563 55
236 528 478 581 Prosequor
509 528 657 568 infelix
691 528 823 569 oculis
857 529 1057 569 abeuntia
1088 529 1199 583 vela,

296 586 385 634 Qua
417 586 534 641 licet,
567 589 609 627 et
639 587 827 627 lacrimis
859 590 977 627 umet
1009 587 1167 628 harena
1198 588 1322 642 meis,

235 644 379 698 thue
412 645 522 686 celer
552 645 716 699 venias,
747 645 902 685 virides
934 644 1139 686 Nereidas
1174 660 1266 686 oro:

297 702 469 744 Scilicet
500 706 548 743 ut
579 703 724 744 venias
756 703 801 743 in
832 718 927 743 mea
958 704 1111 744 damna
1144 704 1264 744 celer.

235 761 361 802 Votis
396 775 496 816 ergo
529 761 635 802 meis
669 762 740 802 alii
772 762 957 802 rediture
989 762 1168 802 redisti?

181 829 215 853 80
293 820 347 860 Ei
379 820 501 860 milii!
533 834 611 873 pro
645 820 736 861 dira
760 820 920 874 paelice
953 820 1109 861 blanda
1139 819 1217 860 fui!

235 878 433 932 Adspicit
463 878 705 919 inmensum
738 879 871 919 moles
902 878 1049 919 nativa
1079 878 1356 932 profundum:

296 936 439 990 (Mons
471 936 573 989 fuit3
607 937 827 990 aequoreis
859 937 934 977 illa
966 937 1129 977 resistit
1161 937 1301 990 aquis)

234 994 346 1035 Hinc
379 1008 458 1048 ego
491 995 585 1035 vela
616 998 714 1035 tuae
748 995 929 1049 cognovi
960 995 1099 1048 prima
1132 995 1318 1049 carinae,

292 1053 350 1093 Et
382 1052 487 1092 miln'
518 1067 593 1106 per
624 1053 780 1094 fluctus
812 1053 997 1106 impetus
1028 1053 1089 1093 ire
1121 1053 1213 1093 fuit.

180 1120 213 1144 65
233 1111 348 1152 Dum
380 1124 543 1165 moror,
573 1111 619 1151 in
651 1126 817 1152 summa
848 1111 970 1151 fulsit
1001 1111 1105 1151 mihi
1138 1126 1327 1165 purpura
1357 1125 1500 1165 prora:

291 1168 519 1223 Pertimui3
551 1169 690 1210 cultus
722 1184 808 1210 non
840 1172 931 1210 erat
961 1170 1032 1210 ille
1065 1172 1177 1210 tuus.

232 1227 305 1268 Fit
335 1227 511 1281 propior
542 1230 762 1280 terrasque
795 1227 880 1268 cita
911 1227 1016 1268 ratis
1050 1227 1197 1282 attigit
1229 1242 1349 1269 aura:

290 1285 515 1326 Femineas
546 1285 632 1326 vidi
666 1286 789 1326 corde
822 1289 1030 1326 tremente
1065 1300 1206 1340 genas.

232 1343 333 1384 Non
365 1343 470 1384 satis
502 1343 546 1383 id
576 1343 745 1384 fuerat?
779 1343 879 1397 quid
911 1344 1023 1384 enim
1056 1343 1218 1384 furiosa
1249 1343 1477 1385 morabar?

179 1411 212 1436 ⁷0
290 1401 508 1442 Haerebat
541 1402 703 1456 gremio
737 1402 874 1456 turpis
908 1402 1045 1443 amica
1075 1404 1167 1442 tuo!

231 1460 349 1501 Tunc
380 1474 479 1501 vero
512 1460 692 1514 rupique
726 1460 843 1501 sinus
876 1463 919 1500 et
949 1463 1124 1514 pectora
1154 1460 1300 1514 planxi

289 1518 347 1558 Et
380 1518 494 1559 secui
526 1518 718 1558 madidas
750 1532 891 1573 ungue
923 1519 1089 1573 rigente
1122 1533 1252 1573 genas

230 1576 478 1630 Inplevique
511 1591 675 1617 sacram
708 1576 894 1630 querulis
926 1576 1160 1617 ululatibus
1192 1576 1312 1617 lden:

289 1634 395 1675 Illuc
427 1634 504 1675 lias
535 1635 734 1675 lacrimas
765 1634 811 1674 in
843 1649 936 1675 mea
969 1649 1071 1675 saxa
1102 1634 1194 1675 tuli.

177 1702 209 1727 ⁷5
232 1691 299 1733 Sic
332 1693 494 1733 Helene
527 1693 669 1733 doleat
701 1693 951 1746 desertaque
985 1692 1164 1747 coniuge
1196 1692 1353 1746 ploret,

289 1750 488 1804 Quaeque
519 1751 637 1804 prior
667 1751 792 1791 nobis
824 1751 993 1805 111111111,
1022 1751 1117 1804 ipsa
1147 1751 1274 1791 ferat!

228 1808 353 1850 Nunc
385 1809 467 1849 tibi
499 1808 777 1863 conveniunt,
810 1824 915 1862 quae
948 1812 989 1849 te
1022 1824 1097 1863 per
1130 1812 1277 1862 aperta
1310 1811 1542 1862 sequantur

288 1868 487 1920 Aequora
516 1867 734 1922 legitimos
767 1867 1088 1920 destituantque
1120 1867 1252 1921 viros3

229 1925 288 1965 At
315 1940 410 1965 cum
440 1940 602 1979 pauper
635 1940 726 1966 eras
760 1928 1035 1980 armentaque
1066 1928 1214 1979 pastor
1246 1925 1421 1979 agebas,

173 1992 208 2016 80
287 1982 418 2023 Nulla
448 1984 532 2024 nisi
565 1983 736 2024 Oenone
767 1984 965 2037 pauperis
998 1998 1105 2024 uxor
1137 1986 1238 2024 erat.

227 2039 328 2081 Non
359 2055 438 2095 ego
470 2042 603 2082 miror
635 2056 734 2096 opes
744 2076 754 2095 ,
784 2056 861 2082 nec
893 2057 959 2082 me
992 2045 1067 2082 tua
1097 2042 1216 2096 regia
1247 2040 1389 2095 tangit

286 2097 326 2138 N
330 2113 375 2139 ec
408 2099 457 2139 de
489 2102 555 2140 tot
586 2099 747 2140 Priami
779 2100 895 2141 dicar
926 2103 975 2140 ut
1005 2114 1089 2140 una
1119 2114 1270 2151 nurus,

226 2156 326 2197 Non
363 2159 508 2196 tamen
544 2161 592 2197 ut
622 2158 818 2199 Priamus
856 2158 1068 2212 nymphae
1107 2172 1226 2198 socer
1260 2171 1351 2197 esse
1383 2159 1566 2211 recuset,

284 2214 374 2255 Aut
404 2214 604 2256 Hecubae
636 2216 790 2257 fuerim
823 2216 1129 2256 dissimulanda
1159 2230 1309 2265 nurus3

171 2283 205 2308 85
225 2272 451 2328 Dignaque
486 2287 579 2313 sum
612 2277 654 2313 et
687 2275 810 2327 cupio
842 2275 933 2314 fieri
966 2277 1163 2314 matrona
1192 2272 1398 2327 potentis:

286 2331 394 2372 Sunt
426 2331 550 2385 mihi,
583 2345 686 2384 quas
718 2332 886 2385 possint
918 2335 1086 2385 sceptra
1117 2332 1281 2385 decere,
1312 2345 1479 2385 manus3
