1674 2662
671 185 697 228 I,
723 195 775 220 544
789 205 828 210 —
845 195 906 220 σιτ.
1370 185 1451 227 199

119 278 248 334 Huic,
278 280 313 321 si
347 283 460 321 sorte
492 280 631 334 bibes,
664 283 822 321 sortem
855 280 1033 321 concede
1066 280 1271 335 priorem,

177 337 285 379 Huic
318 338 440 378 detur
472 338 602 391 capiti
634 338 765 379 missa
797 352 954 378 corona
984 341 1077 392 tuo3

120 393 215 436 Sive
247 396 328 436 erit
358 396 535 436 inferior
567 411 639 437 seu
670 411 764 450 par,
794 395 911 449 prior
943 396 1086 436 omnia
1118 399 1275 437 sumat:

177 453 265 495 Nec
297 454 465 494 dubites
495 454 559 494 illi
591 454 720 494 verba
752 454 934 495 secunda
965 454 1093 507 loqui.

46 522 98 547 585
117 509 228 552 Tuta
258 512 538 565 frequensque
570 512 699 565 viast,
729 526 804 565 per
836 511 960 552 amici
992 512 1138 553 fallere
1169 526 1343 566 nomen,

176 569 285 611 Tuta
316 570 598 624 frequensque
629 570 730 610 licet
762 570 817 610 sit
848 570 934 623 via,
966 570 1124 611 crimen
1155 570 1295 611 habet.

117 626 220 668 Inde
251 631 502 682 procurator
532 628 711 668 nimium
743 642 910 681 quoque
942 628 1077 668 multa
1108 631 1308 682 procurat

175 685 233 726 Et
266 686 347 726 sibi
379 686 589 727 mandatis
622 686 744 739 plura
775 685 954 726 videnda
984 689 1119 740 putat.

117 742 245 784 Certa
276 744 355 784 tibi
387 759 412 784 a
442 744 565 784 nobis
598 744 769 784 dabitur
799 758 997 784 mensura
1028 744 1218 785 bibendi:

44 813 97 837 5⁹0
175 800 373 843 Officium
404 805 622 856 praestent
653 815 855 855 mensque
887 803 1096 856 pedesque
1130 817 1263 843 suum.

115 859 261 914 Iurgia
292 860 515 914 praecipue
547 860 645 900 vino
678 860 898 900 stimulata
930 864 1076 901 caveto

174 917 231 957 Et
262 918 441 958 nimium
472 917 617 958 faciles
651 918 702 958 ad
733 918 823 958 fera
854 918 964 958 bella
996 933 1163 958 manus:

115 974 280 1016 Occidit
310 975 523 1029 Eurytion
557 975 686 1016 stulte
719 975 818 1015 data
849 975 948 1016 vina
978 976 1181 1030 bibend03

172 1032 328 1087 Aptior
359 1036 424 1074 est
456 1032 567 1073 dulci
599 1047 745 1073 mensa
776 1047 1022 1087 merumque
1054 1034 1161 1074 ioco.

42 1101 94 1127 ⁵95
115 1089 159 1132 Si
192 1105 273 1132 vox
304 1094 386 1144 est,
418 1094 560 1145 canta3
592 1091 627 1131 si
660 1091 806 1131 mollia
837 1091 1054 1146 bracchia,
1086 1091 1212 1146 salta,

172 1149 230 1189 Et
262 1163 526 1203 quacumque
557 1152 679 1203 potes
712 1149 809 1190 dote
840 1150 1025 1203 placere,
1054 1149 1191 1203 place!

114 1206 331 1260 Ebrietas,
361 1210 410 1247 ut
441 1221 540 1247 vera
570 1210 713 1260 nocet,
745 1207 805 1247 sic
836 1208 937 1248 ficta
967 1207 1148 1248 iuvabit:

172 1264 257 1305 Fac
289 1264 449 1305 titubet
479 1265 625 1305 blaeso
658 1264 837 1305 subdola
867 1265 1014 1319 lingua
1046 1279 1170 1318 sono,

112 1321 190 1375 Ut,
223 1322 427 1377 quidquid
457 1322 589 1363 facias
621 1322 788 1363 dicasve
819 1323 1059 1375 protervius
1094 1337 1247 1377 aequo,

44 1391 96 1416 600
174 1378 380 1421 Credatur
410 1379 591 1420 nimium
623 1394 750 1421 causa
780 1380 911 1421 fuisse
942 1395 1116 1421 merum.

112 1437 171 1479 Et
203 1437 340 1479 ‘bene'
373 1438 439 1479 dic
472 1437 700 1492 ‘dominae3
732 1438 856 1491 bene,
885 1453 981 1479 cum
1013 1453 1095 1492 quo
1128 1439 1312 1480 dormiat
1342 1439 1451 1493 illa'3

174 1494 272 1550 Sed,
304 1495 412 1537 male
446 1496 518 1549 sit,
550 1496 683 1537 tacita
714 1499 854 1536 mente
885 1510 1075 1550 precare,
1106 1497 1210 1537 viro.

113 1554 173 1594 At
206 1569 300 1595 cum
333 1554 520 1595 discedet
553 1568 699 1594 mensa
731 1554 908 1594 conviva
939 1558 1122 1607 remota,

172 1611 272 1666 Ipsa
302 1612 382 1653 tibi
415 1626 608 1653 accessus
640 1611 767 1652 turba
797 1612 1022 1665 locumque
1055 1612 1189 1652 dabit:

43 1680 94 1706 6⁰5
114 1669 258 1711 Insere
289 1672 332 1711 te
363 1670 513 1711 turbae
545 1670 778 1723 leviterque
812 1670 1007 1711 admotus
1040 1670 1157 1711 eunti

171 1727 292 1769 Velle
323 1728 435 1769 latus
468 1728 614 1782 digitis
647 1731 690 1768 et
719 1728 823 1782 pede
855 1731 984 1783 tange
1014 1728 1180 1782 pedem!

115 1785 341 1840 Conloquii
371 1786 458 1826 iam
489 1789 656 1839 tempus
689 1786 824 1826 adest:
856 1785 956 1840 fuge
988 1786 1145 1827 rustice
1177 1786 1304 1841 longe

172 1843 283 1885 Hinc
315 1843 473 1884 Pudor!
507 1844 731 1884 audentem
762 1843 952 1897 Forsque
984 1843 1212 1897 Venusque
1243 1844 1373 1885 iuvat.

114 1900 214 1942 Non
245 1904 321 1943 tua
352 1901 430 1942 sub
462 1904 633 1942 nostras
664 1901 807 1942 veniat
837 1901 1035 1942 facundia
1065 1902 1200 1956 leges3

0 1965 1 2010 ἢ
45 1970 96 1995 610
174 1959 260 2001 Fac
291 1963 461 2000 tantum
492 1959 655 2013 cupias:
688 1963 838 2013 sponte
871 1959 1053 2000 disertus
1085 1959 1179 2000 eris.

114 2017 194 2059 Est
231 2018 311 2058 tibi
350 2017 536 2072 agendus
578 2031 724 2058 amans
761 2017 1050 2071 imitandaque
1087 2017 1262 2059 vulnera
1293 2019 1452 2060 verbis:

172 2075 289 2117 Haec
320 2075 401 2116 tibi
433 2078 661 2129 quaeratur
692 2075 882 2128 qualibet
914 2078 1004 2116 arte
1035 2075 1155 2116 fides!

114 2132 203 2175 Nec
238 2130 356 2175 credi
381 2133 504 2174 labor
535 2135 616 2174 est:
650 2132 730 2174 sibi
763 2147 952 2187 quaeque
984 2133 1150 2174 videtur
1182 2134 1377 2188 amanda3

172 2191 365 2232 Pessima
396 2191 470 2245 sit,
499 2191 606 2231 nulli
636 2205 724 2232 non
755 2206 831 2232 sua
861 2190 999 2232 forma
1029 2191 1180 2245 placet.

45 2259 96 2285 615
117 2248 250 2303 Saepe
281 2252 426 2290 tamen
456 2263 552 2289 vere
585 2249 725 2302 coepit
757 2248 980 2290 simulator
1012 2264 1171 2303 amare,

175 2306 325 2361 Saepe,
357 2307 469 2361 quod
499 2306 706 2361 incipiens
737 2307 916 2348 finxerat
949 2321 1057 2362 esse,
1087 2307 1181 2348 fuit.

117 2363 209 2413 Quo
242 2365 379 2420 magis
413 2366 454 2406 o!
486 2364 632 2406 faciles
663 2364 932 2406 imitantibus
964 2368 1071 2420 este,
1099 2366 1282 2420 puellae:
