<?xml version="1.0" encoding="UTF-8"?>
<!DOCTYPE html PUBLIC "-//W3C//DTD XHTML 1.0 Transitional//EN"
    "http://www.w3.org/TR/xhtml1/DTD/xhtml1-transitional.dtd">
<html xmlns="http://www.w3.org/1999/xhtml" xml:lang="en" lang="en">
 <head>
  <title>
</title>
<meta http-equiv="Content-Type" content="text/html;charset=utf-8" />
  <meta name='ocr-system' content='tesseract 3.04.00' />
  <meta name='ocr-capabilities' content='ocr_page ocr_carea ocr_par ocr_line ocrx_word'/>
</head>
<body>
  <div class='ocr_page' id='page_1' title='image "./operaovid03oviduoft_0131.png"; bbox 0 0 1674 2662; ppageno 0'>
   <div class='ocr_carea' id='block_1_1' title="bbox 563 151 1466 195">
    <p class='ocr_par' dir='ltr' id='par_1_1' title="bbox 563 151 1466 195">
     <span class='ocr_line' id='line_1_1' title="bbox 563 151 1466 195; baseline 0.007 -9"><span class='ocrx_word' id='word_1_1' title='bbox 563 153 622 187; x_wconf 88' lang='lat' dir='ltr'>HI.</span> <span class='ocrx_word' id='word_1_2' title='bbox 649 151 865 186; x_wconf 84' lang='lat' dir='ltr'>BRISEIS</span> <span class='ocrx_word' id='word_1_3' title='bbox 893 162 1030 187; x_wconf 81' lang='lat'>16—89.</span> <span class='ocrx_word' id='word_1_4' title='bbox 1415 153 1466 195; x_wconf 77' lang='lat'>79</span> 
     </span>
    </p>
   </div>
   <div class='ocr_carea' id='block_1_2' title="bbox 72 246 1441 2388">
    <p class='ocr_par' dir='ltr' id='par_1_2' title="bbox 73 246 1441 1054">
     <span class='ocr_line' id='line_1_2' title="bbox 129 246 1274 301; baseline -0.001 -13"><span class='ocrx_word' id='word_1_5' title='bbox 129 248 193 288; x_wconf 93' lang='lat' dir='ltr'>Tu</span> <span class='ocrx_word' id='word_1_6' title='bbox 225 247 348 301; x_wconf 88' lang='lat' dir='ltr'>mihi,</span> <span class='ocrx_word' id='word_1_7' title='bbox 378 247 543 287; x_wconf 89' lang='lat' dir='ltr'>iuratus</span> <span class='ocrx_word' id='word_1_8' title='bbox 575 261 650 301; x_wconf 88' lang='lat' dir='ltr'>per</span> <span class='ocrx_word' id='word_1_9' title='bbox 680 246 856 301; x_wconf 61' lang='lat' dir='ltr'>numina</span> <span class='ocrx_word' id='word_1_10' title='bbox 888 246 1036 287; x_wconf 87' lang='lat' dir='ltr'>matris</span> <span class='ocrx_word' id='word_1_11' title='bbox 1070 260 1274 300; x_wconf 79' lang='lat' dir='ltr'>aquosae,</span> 
     </span>
     <span class='ocr_line' id='line_1_3' title="bbox 187 304 936 358; baseline -0.001 -12"><span class='ocrx_word' id='word_1_12' title='bbox 187 304 303 346; x_wconf 85' lang='lat' dir='ltr'>Utile</span> <span class='ocrx_word' id='word_1_13' title='bbox 337 305 506 346; x_wconf 78' lang='lat' dir='ltr'>dicebas</span> <span class='ocrx_word' id='word_1_14' title='bbox 537 305 628 358; x_wconf 89' lang='lat' dir='ltr'>ipse</span> <span class='ocrx_word' id='word_1_15' title='bbox 660 304 792 345; x_wconf 80' lang='lat' dir='ltr'>fuisse</span> <span class='ocrx_word' id='word_1_16' title='bbox 825 305 936 358; x_wconf 84' lang='lat' dir='ltr'>capi,</span> 
     </span>
     <span class='ocr_line' id='line_1_4' title="bbox 75 362 1229 417; baseline -0.002 -12"><span class='ocrx_word' id='word_1_17' title='bbox 75 374 108 400; x_wconf 82' lang='lat'>55</span> <span class='ocrx_word' id='word_1_18' title='bbox 132 362 303 405; x_wconf 73' lang='lat' dir='ltr'>Scilicet</span> <span class='ocrx_word' id='word_1_19' title='bbox 334 366 400 417; x_wconf 91' lang='lat' dir='ltr'>ut,</span> <span class='ocrx_word' id='word_1_20' title='bbox 432 363 624 416; x_wconf 80' lang='lat' dir='ltr'>quamvis</span> <span class='ocrx_word' id='word_1_21' title='bbox 656 363 822 404; x_wconf 80' lang='lat' dir='ltr'>veniam</span> <span class='ocrx_word' id='word_1_22' title='bbox 855 363 1019 417; x_wconf 79' lang='lat' dir='ltr'>dotata,</span> <span class='ocrx_word' id='word_1_23' title='bbox 1050 362 1229 417; x_wconf 81' lang='lat' dir='ltr'>repellas</span> 
     </span>
     <span class='ocr_line' id='line_1_5' title="bbox 186 421 1230 475; baseline -0.001 -13"><span class='ocrx_word' id='word_1_24' title='bbox 186 421 244 462; x_wconf 90' lang='lat' dir='ltr'>Et</span> <span class='ocrx_word' id='word_1_25' title='bbox 277 436 442 462; x_wconf 88' lang='lat' dir='ltr'>mecum</span> <span class='ocrx_word' id='word_1_26' title='bbox 473 421 632 475; x_wconf 88' lang='lat' dir='ltr'>fugias,</span> <span class='ocrx_word' id='word_1_27' title='bbox 665 435 770 474; x_wconf 88' lang='lat' dir='ltr'>quae</span> <span class='ocrx_word' id='word_1_28' title='bbox 803 421 883 461; x_wconf 87' lang='lat' dir='ltr'>tibi</span> <span class='ocrx_word' id='word_1_29' title='bbox 916 421 1087 474; x_wconf 88' lang='lat' dir='ltr'>dantur,</span> <span class='ocrx_word' id='word_1_30' title='bbox 1120 435 1230 474; x_wconf 91' lang='lat' dir='ltr'>opes.</span> 
     </span>
     <span class='ocr_line' id='line_1_6' title="bbox 129 478 1289 533; baseline -0.001 -13"><span class='ocrx_word' id='word_1_31' title='bbox 129 478 240 527; x_wconf 87' lang='lat' dir='ltr'>Quin</span> <span class='ocrx_word' id='word_1_32' title='bbox 273 479 402 520; x_wconf 83' lang='lat' dir='ltr'>etiam</span> <span class='ocrx_word' id='word_1_33' title='bbox 432 479 608 533; x_wconf 86' lang='lat' dir='ltr'>famast,</span> <span class='ocrx_word' id='word_1_34' title='bbox 641 493 735 520; x_wconf 89' lang='lat' dir='ltr'>cum</span> <span class='ocrx_word' id='word_1_35' title='bbox 769 479 954 519; x_wconf 88' lang='lat' dir='ltr'>crastina</span> <span class='ocrx_word' id='word_1_36' title='bbox 984 479 1152 519; x_wconf 84' lang='lat' dir='ltr'>fulserit</span> <span class='ocrx_word' id='word_1_37' title='bbox 1184 479 1289 532; x_wconf 86' lang='lat' dir='ltr'>Eos,</span> 
     </span>
     <span class='ocr_line' id='line_1_7' title="bbox 187 536 1094 591; baseline -0.001 -13"><span class='ocrx_word' id='word_1_38' title='bbox 187 536 245 578; x_wconf 89' lang='lat' dir='ltr'>Te</span> <span class='ocrx_word' id='word_1_39' title='bbox 278 537 376 578; x_wconf 87' lang='lat' dir='ltr'>dare</span> <span class='ocrx_word' id='word_1_40' title='bbox 407 536 615 578; x_wconf 84' lang='lat' dir='ltr'>nubiferis</span> <span class='ocrx_word' id='word_1_41' title='bbox 648 537 779 577; x_wconf 87' lang='lat' dir='ltr'>lintea</span> <span class='ocrx_word' id='word_1_42' title='bbox 810 537 917 577; x_wconf 85' lang='lat' dir='ltr'>velle</span> <span class='ocrx_word' id='word_1_43' title='bbox 949 536 1094 591; x_wconf 68' lang='lat' dir='ltr'>Notis,</span> 
     </span>
     <span class='ocr_line' id='line_1_8' title="bbox 131 594 1441 649; baseline 0 -14"><span class='ocrx_word' id='word_1_44' title='bbox 131 594 254 643; x_wconf 86' lang='lat' dir='ltr'>Quod</span> <span class='ocrx_word' id='word_1_45' title='bbox 286 595 423 636; x_wconf 88' lang='lat' dir='ltr'>scelus</span> <span class='ocrx_word' id='word_1_46' title='bbox 454 598 502 635; x_wconf 89' lang='lat' dir='ltr'>ut</span> <span class='ocrx_word' id='word_1_47' title='bbox 532 595 707 649; x_wconf 79' lang='lat' dir='ltr'>pavidas</span> <span class='ocrx_word' id='word_1_48' title='bbox 739 595 917 635; x_wconf 78' lang='lat' dir='ltr'>miserae</span> <span class='ocrx_word' id='word_1_49' title='bbox 949 595 1054 635; x_wconf 82' lang='lat' dir='ltr'>mihi</span> <span class='ocrx_word' id='word_1_50' title='bbox 1086 594 1268 649; x_wconf 85' lang='lat' dir='ltr'>contigit</span> <span class='ocrx_word' id='word_1_51' title='bbox 1301 609 1441 649; x_wconf 89' lang='lat' dir='ltr'>aures,</span> 
     </span>
     <span class='ocr_line' id='line_1_9' title="bbox 74 651 1202 708; baseline -0.001 -14"><span class='ocrx_word' id='word_1_52' title='bbox 74 664 108 689; x_wconf 82' lang='lat'>60</span> <span class='ocrx_word' id='word_1_53' title='bbox 189 651 418 708; x_wconf 80' lang='lat' dir='ltr'>Sanguinis</span> <span class='ocrx_word' id='word_1_54' title='bbox 452 656 578 706; x_wconf 88' lang='lat' dir='ltr'>atque</span> <span class='ocrx_word' id='word_1_55' title='bbox 611 653 740 693; x_wconf 89' lang='lat' dir='ltr'>animi</span> <span class='ocrx_word' id='word_1_56' title='bbox 772 656 920 706; x_wconf 88' lang='lat' dir='ltr'>pectus</span> <span class='ocrx_word' id='word_1_57' title='bbox 951 653 1075 693; x_wconf 88' lang='lat' dir='ltr'>inane</span> <span class='ocrx_word' id='word_1_58' title='bbox 1107 652 1202 693; x_wconf 80' lang='lat' dir='ltr'>fuit.</span> 
     </span>
     <span class='ocr_line' id='line_1_10' title="bbox 127 710 1310 765; baseline 0 -14"><span class='ocrx_word' id='word_1_59' title='bbox 127 711 216 752; x_wconf 91' lang='lat' dir='ltr'>Ibis</span> <span class='ocrx_word' id='word_1_60' title='bbox 249 714 291 751; x_wconf 91' lang='lat' dir='ltr'>et</span> <span class='ocrx_word' id='word_1_61' title='bbox 325 712 365 751; x_wconf 85' lang='lat' dir='ltr'>o!</span> <span class='ocrx_word' id='word_1_62' title='bbox 398 712 597 751; x_wconf 82' lang='lat' dir='ltr'>miseram</span> <span class='ocrx_word' id='word_1_63' title='bbox 630 711 695 752; x_wconf 87' lang='lat' dir='ltr'>cui</span> <span class='ocrx_word' id='word_1_64' title='bbox 728 725 813 764; x_wconf 89' lang='lat' dir='ltr'>me,</span> <span class='ocrx_word' id='word_1_65' title='bbox 843 711 1045 765; x_wconf 74' lang='lat' dir='ltr'>violente,</span> <span class='ocrx_word' id='word_1_66' title='bbox 1076 710 1310 764; x_wconf 77' lang='lat' dir='ltr'>relinquis?</span> 
     </span>
     <span class='ocr_line' id='line_1_11' title="bbox 187 768 1150 817; baseline 0 -8"><span class='ocrx_word' id='word_1_67' title='bbox 187 768 290 817; x_wconf 88' lang='lat' dir='ltr'>Quis</span> <span class='ocrx_word' id='word_1_68' title='bbox 323 769 428 809; x_wconf 85' lang='lat' dir='ltr'>mihi</span> <span class='ocrx_word' id='word_1_69' title='bbox 460 770 650 810; x_wconf 76' lang='lat' dir='ltr'>desertae</span> <span class='ocrx_word' id='word_1_70' title='bbox 682 769 784 809; x_wconf 91' lang='lat' dir='ltr'>mite</span> <span class='ocrx_word' id='word_1_71' title='bbox 816 768 1009 809; x_wconf 80' lang='lat' dir='ltr'>levamen</span> <span class='ocrx_word' id='word_1_72' title='bbox 1040 768 1150 809; x_wconf 82' lang='lat' dir='ltr'>erit?</span> 
     </span>
     <span class='ocr_line' id='line_1_12' title="bbox 126 827 1186 881; baseline 0 -14"><span class='ocrx_word' id='word_1_73' title='bbox 126 827 316 867; x_wconf 83' lang='lat' dir='ltr'>Devorer</span> <span class='ocrx_word' id='word_1_74' title='bbox 348 830 463 881; x_wconf 90' lang='lat' dir='ltr'>ante,</span> <span class='ocrx_word' id='word_1_75' title='bbox 494 841 661 881; x_wconf 87' lang='lat' dir='ltr'>precor,</span> <span class='ocrx_word' id='word_1_76' title='bbox 693 827 835 867; x_wconf 88' lang='lat' dir='ltr'>subito</span> <span class='ocrx_word' id='word_1_77' title='bbox 868 827 1033 867; x_wconf 89' lang='lat' dir='ltr'>telluris</span> <span class='ocrx_word' id='word_1_78' title='bbox 1064 827 1186 867; x_wconf 87' lang='lat' dir='ltr'>hiatu</span> 
     </span>
     <span class='ocr_line' id='line_1_13' title="bbox 186 884 1153 939; baseline -0.001 -14"><span class='ocrx_word' id='word_1_79' title='bbox 186 885 275 925; x_wconf 81' lang='lat' dir='ltr'>Aut</span> <span class='ocrx_word' id='word_1_80' title='bbox 306 885 437 925; x_wconf 87' lang='lat' dir='ltr'>rutilo</span> <span class='ocrx_word' id='word_1_81' title='bbox 469 885 590 925; x_wconf 90' lang='lat' dir='ltr'>missi</span> <span class='ocrx_word' id='word_1_82' title='bbox 621 884 812 925; x_wconf 79' lang='lat' dir='ltr'>fulminis</span> <span class='ocrx_word' id='word_1_83' title='bbox 843 884 942 939; x_wconf 89' lang='lat' dir='ltr'>igne</span> <span class='ocrx_word' id='word_1_84' title='bbox 975 899 1153 938; x_wconf 88' lang='lat' dir='ltr'>cremer,</span> 
     </span>
     <span class='ocr_line' id='line_1_14' title="bbox 73 941 1336 997; baseline -0.001 -14"><span class='ocrx_word' id='word_1_85' title='bbox 73 953 108 978; x_wconf 82' lang='lat'>65</span> <span class='ocrx_word' id='word_1_86' title='bbox 129 941 265 990; x_wconf 89' lang='lat' dir='ltr'>Quam</span> <span class='ocrx_word' id='word_1_87' title='bbox 297 942 386 983; x_wconf 91' lang='lat' dir='ltr'>sine</span> <span class='ocrx_word' id='word_1_88' title='bbox 418 956 484 983; x_wconf 90' lang='lat' dir='ltr'>me</span> <span class='ocrx_word' id='word_1_89' title='bbox 516 942 685 983; x_wconf 89' lang='lat' dir='ltr'>Phthiis</span> <span class='ocrx_word' id='word_1_90' title='bbox 718 945 944 983; x_wconf 70' lang='lat' dir='ltr'>canescant</span> <span class='ocrx_word' id='word_1_91' title='bbox 976 956 1160 995; x_wconf 89' lang='lat' dir='ltr'>aequora</span> <span class='ocrx_word' id='word_1_92' title='bbox 1191 943 1336 997; x_wconf 90' lang='lat' dir='ltr'>remis,</span> 
     </span>
     <span class='ocr_line' id='line_1_15' title="bbox 186 1000 1051 1054; baseline -0.001 -13"><span class='ocrx_word' id='word_1_93' title='bbox 186 1000 244 1041; x_wconf 89' lang='lat' dir='ltr'>Et</span> <span class='ocrx_word' id='word_1_94' title='bbox 275 1000 441 1041; x_wconf 85' lang='lat' dir='ltr'>videam</span> <span class='ocrx_word' id='word_1_95' title='bbox 471 1014 634 1054; x_wconf 88' lang='lat' dir='ltr'>puppes</span> <span class='ocrx_word' id='word_1_96' title='bbox 665 1000 726 1041; x_wconf 89' lang='lat' dir='ltr'>ire</span> <span class='ocrx_word' id='word_1_97' title='bbox 758 1000 907 1041; x_wconf 90' lang='lat' dir='ltr'>relicta</span> <span class='ocrx_word' id='word_1_98' title='bbox 938 1001 1051 1040; x_wconf 88' lang='lat' dir='ltr'>tuas!</span> 
     </span>
    </p>

    <p class='ocr_par' dir='ltr' id='par_1_3' title="bbox 126 1056 1348 1228">
     <span class='ocr_line' id='line_1_16' title="bbox 128 1056 1348 1113; baseline 0.001 -14"><span class='ocrx_word' id='word_1_99' title='bbox 128 1057 172 1099; x_wconf 79' lang='lat' dir='ltr'>Si</span> <span class='ocrx_word' id='word_1_100' title='bbox 205 1058 285 1099; x_wconf 86' lang='lat' dir='ltr'>tibi</span> <span class='ocrx_word' id='word_1_101' title='bbox 317 1058 403 1099; x_wconf 89' lang='lat' dir='ltr'>iam</span> <span class='ocrx_word' id='word_1_102' title='bbox 433 1058 678 1111; x_wconf 85' lang='lat' dir='ltr'>reditusque</span> <span class='ocrx_word' id='word_1_103' title='bbox 709 1058 880 1111; x_wconf 81' lang='lat' dir='ltr'>placent</span> <span class='ocrx_word' id='word_1_104' title='bbox 910 1057 1121 1112; x_wconf 88' lang='lat' dir='ltr'>patriique</span> <span class='ocrx_word' id='word_1_105' title='bbox 1149 1056 1348 1113; x_wconf 78' lang='lat' dir='ltr'>Penates,</span> 
     </span>
     <span class='ocr_line' id='line_1_17' title="bbox 183 1115 1209 1171; baseline -0.001 -14"><span class='ocrx_word' id='word_1_106' title='bbox 183 1115 284 1157; x_wconf 88' lang='lat' dir='ltr'>Non</span> <span class='ocrx_word' id='word_1_107' title='bbox 315 1130 394 1171; x_wconf 90' lang='lat' dir='ltr'>ego</span> <span class='ocrx_word' id='word_1_108' title='bbox 426 1131 521 1157; x_wconf 89' lang='lat' dir='ltr'>sum</span> <span class='ocrx_word' id='word_1_109' title='bbox 552 1116 678 1157; x_wconf 86' lang='lat' dir='ltr'>classi</span> <span class='ocrx_word' id='word_1_110' title='bbox 711 1116 876 1157; x_wconf 84' lang='lat' dir='ltr'>sarcina</span> <span class='ocrx_word' id='word_1_111' title='bbox 907 1130 1062 1170; x_wconf 88' lang='lat' dir='ltr'>magna</span> <span class='ocrx_word' id='word_1_112' title='bbox 1092 1119 1209 1170; x_wconf 79' lang='lat' dir='ltr'>tuae3</span> 
     </span>
     <span class='ocr_line' id='line_1_18' title="bbox 126 1173 1279 1228; baseline -0.001 -13"><span class='ocrx_word' id='word_1_113' title='bbox 126 1173 347 1216; x_wconf 89' lang='lat' dir='ltr'>Victorem</span> <span class='ocrx_word' id='word_1_114' title='bbox 380 1174 548 1228; x_wconf 84' lang='lat' dir='ltr'>captiva</span> <span class='ocrx_word' id='word_1_115' title='bbox 579 1188 749 1228; x_wconf 87' lang='lat' dir='ltr'>sequar,</span> <span class='ocrx_word' id='word_1_116' title='bbox 779 1189 866 1214; x_wconf 92' lang='lat' dir='ltr'>non</span> <span class='ocrx_word' id='word_1_117' title='bbox 895 1178 1030 1227; x_wconf 86' lang='lat' dir='ltr'>nupta</span> <span class='ocrx_word' id='word_1_118' title='bbox 1061 1174 1279 1215; x_wconf 85' lang='lat' dir='ltr'>maritum:</span> 
     </span>
    </p>

    <p class='ocr_par' dir='ltr' id='par_1_4' title="bbox 72 1232 1418 2388">
     <span class='ocr_line' id='line_1_19' title="bbox 74 1232 1249 1286; baseline -0.001 -13"><span class='ocrx_word' id='word_1_119' title='bbox 74 1243 106 1268; x_wconf 75' lang='lat'>70</span> <span class='ocrx_word' id='word_1_120' title='bbox 185 1232 265 1273; x_wconf 86' lang='lat' dir='ltr'>Est</span> <span class='ocrx_word' id='word_1_121' title='bbox 296 1232 420 1286; x_wconf 88' lang='lat' dir='ltr'>mihi,</span> <span class='ocrx_word' id='word_1_122' title='bbox 452 1247 558 1285; x_wconf 89' lang='lat' dir='ltr'>quae</span> <span class='ocrx_word' id='word_1_123' title='bbox 589 1233 708 1273; x_wconf 87' lang='lat' dir='ltr'>lanas</span> <span class='ocrx_word' id='word_1_124' title='bbox 740 1232 924 1285; x_wconf 88' lang='lat' dir='ltr'>molliat,</span> <span class='ocrx_word' id='word_1_125' title='bbox 956 1235 1056 1285; x_wconf 87' lang='lat' dir='ltr'>apta</span> <span class='ocrx_word' id='word_1_126' title='bbox 1087 1246 1249 1273; x_wconf 87' lang='lat' dir='ltr'>manus.</span> 
     </span>
     <span class='ocr_line' id='line_1_20' title="bbox 126 1289 1202 1344; baseline -0.001 -13"><span class='ocrx_word' id='word_1_127' title='bbox 126 1290 245 1331; x_wconf 85' lang='lat' dir='ltr'>Inter</span> <span class='ocrx_word' id='word_1_128' title='bbox 277 1290 541 1331; x_wconf 84' lang='lat' dir='ltr'>Achaeiadas</span> <span class='ocrx_word' id='word_1_129' title='bbox 572 1290 698 1344; x_wconf 88' lang='lat' dir='ltr'>longe</span> <span class='ocrx_word' id='word_1_130' title='bbox 729 1289 1014 1343; x_wconf 87' lang='lat' dir='ltr'>pulcherrima</span> <span class='ocrx_word' id='word_1_131' title='bbox 1046 1293 1202 1330; x_wconf 89' lang='lat' dir='ltr'>matres</span> 
     </span>
     <span class='ocr_line' id='line_1_21' title="bbox 184 1348 1138 1400; baseline -0.001 -12"><span class='ocrx_word' id='word_1_132' title='bbox 184 1348 235 1388; x_wconf 93' lang='lat' dir='ltr'>In</span> <span class='ocrx_word' id='word_1_133' title='bbox 266 1348 478 1389; x_wconf 85' lang='lat' dir='ltr'>thalamos</span> <span class='ocrx_word' id='word_1_134' title='bbox 512 1348 694 1389; x_wconf 82' lang='lat' dir='ltr'>coniunx</span> <span class='ocrx_word' id='word_1_135' title='bbox 724 1348 807 1388; x_wconf 90' lang='lat' dir='ltr'>ibit</span> <span class='ocrx_word' id='word_1_136' title='bbox 839 1350 990 1400; x_wconf 83' lang='lat' dir='ltr'>eatque</span> <span class='ocrx_word' id='word_1_137' title='bbox 1022 1351 1138 1400; x_wconf 89' lang='lat' dir='ltr'>tuos,</span> 
     </span>
     <span class='ocr_line' id='line_1_22' title="bbox 125 1405 1281 1460; baseline -0.002 -13"><span class='ocrx_word' id='word_1_138' title='bbox 125 1406 268 1460; x_wconf 85' lang='lat' dir='ltr'>Digna</span> <span class='ocrx_word' id='word_1_139' title='bbox 297 1421 429 1447; x_wconf 90' lang='lat' dir='ltr'>nurus</span> <span class='ocrx_word' id='word_1_140' title='bbox 463 1420 626 1458; x_wconf 87' lang='lat' dir='ltr'>socero,</span> <span class='ocrx_word' id='word_1_141' title='bbox 658 1405 772 1446; x_wconf 81' lang='lat' dir='ltr'>Iovis</span> <span class='ocrx_word' id='word_1_142' title='bbox 804 1405 1077 1459; x_wconf 77' lang='lat' dir='ltr'>Aeginaeque</span> <span class='ocrx_word' id='word_1_143' title='bbox 1108 1409 1281 1459; x_wconf 89' lang='lat' dir='ltr'>nepote,</span> 
     </span>
     <span class='ocr_line' id='line_1_23' title="bbox 185 1463 1208 1518; baseline -0.003 -13"><span class='ocrx_word' id='word_1_144' title='bbox 185 1463 348 1517; x_wconf 79' lang='lat' dir='ltr'>Cuique</span> <span class='ocrx_word' id='word_1_145' title='bbox 381 1478 508 1505; x_wconf 81' lang='lat' dir='ltr'>senex</span> <span class='ocrx_word' id='word_1_146' title='bbox 539 1463 703 1504; x_wconf 70' lang='lat' dir='ltr'>Nereus</span> <span class='ocrx_word' id='word_1_147' title='bbox 735 1477 935 1518; x_wconf 89' lang='lat' dir='ltr'>prosocer</span> <span class='ocrx_word' id='word_1_148' title='bbox 966 1477 1056 1503; x_wconf 87' lang='lat' dir='ltr'>esse</span> <span class='ocrx_word' id='word_1_149' title='bbox 1089 1463 1208 1503; x_wconf 74' lang='lat' dir='ltr'>velit:</span> 
     </span>
     <span class='ocr_line' id='line_1_24' title="bbox 73 1521 1418 1575; baseline 0 -12"><span class='ocrx_word' id='word_1_150' title='bbox 73 1532 105 1558; x_wconf 76' lang='lat'>⁷5</span> <span class='ocrx_word' id='word_1_151' title='bbox 124 1521 216 1563; x_wconf 88' lang='lat' dir='ltr'>Nos</span> <span class='ocrx_word' id='word_1_152' title='bbox 248 1522 430 1563; x_wconf 83' lang='lat' dir='ltr'>humiles</span> <span class='ocrx_word' id='word_1_153' title='bbox 462 1522 728 1575; x_wconf 84' lang='lat' dir='ltr'>famulaeque</span> <span class='ocrx_word' id='word_1_154' title='bbox 761 1525 858 1562; x_wconf 86' lang='lat' dir='ltr'>tuae</span> <span class='ocrx_word' id='word_1_155' title='bbox 890 1522 988 1562; x_wconf 86' lang='lat' dir='ltr'>data</span> <span class='ocrx_word' id='word_1_156' title='bbox 1019 1535 1151 1575; x_wconf 87' lang='lat' dir='ltr'>pensa</span> <span class='ocrx_word' id='word_1_157' title='bbox 1181 1521 1418 1575; x_wconf 83' lang='lat' dir='ltr'>trahemus,</span> 
     </span>
     <span class='ocr_line' id='line_1_25' title="bbox 183 1580 1194 1634; baseline -0.002 -13"><span class='ocrx_word' id='word_1_158' title='bbox 183 1580 242 1621; x_wconf 89' lang='lat' dir='ltr'>Et</span> <span class='ocrx_word' id='word_1_159' title='bbox 272 1580 466 1621; x_wconf 90' lang='lat' dir='ltr'>minuent</span> <span class='ocrx_word' id='word_1_160' title='bbox 495 1580 642 1634; x_wconf 89' lang='lat' dir='ltr'>plenos</span> <span class='ocrx_word' id='word_1_161' title='bbox 676 1580 858 1621; x_wconf 88' lang='lat' dir='ltr'>stamina</span> <span class='ocrx_word' id='word_1_162' title='bbox 888 1582 1037 1620; x_wconf 87' lang='lat' dir='ltr'>nostra</span> <span class='ocrx_word' id='word_1_163' title='bbox 1068 1580 1194 1620; x_wconf 88' lang='lat' dir='ltr'>colos.</span> 
     </span>
     <span class='ocr_line' id='line_1_26' title="bbox 125 1637 1236 1693; baseline -0.002 -14"><span class='ocrx_word' id='word_1_164' title='bbox 125 1638 329 1693; x_wconf 81' lang='lat' dir='ltr'>Exagitet</span> <span class='ocrx_word' id='word_1_165' title='bbox 359 1653 411 1679; x_wconf 90' lang='lat' dir='ltr'>ne</span> <span class='ocrx_word' id='word_1_166' title='bbox 443 1653 510 1679; x_wconf 89' lang='grc'>1116</span> <span class='ocrx_word' id='word_1_167' title='bbox 541 1641 709 1679; x_wconf 87' lang='lat' dir='ltr'>tantum</span> <span class='ocrx_word' id='word_1_168' title='bbox 740 1641 833 1692; x_wconf 88' lang='lat' dir='ltr'>tua,</span> <span class='ocrx_word' id='word_1_169' title='bbox 865 1637 1082 1691; x_wconf 85' lang='lat' dir='ltr'>deprecor,</span> <span class='ocrx_word' id='word_1_170' title='bbox 1112 1651 1236 1691; x_wconf 82' lang='lat' dir='ltr'>uxor,</span> 
     </span>
     <span class='ocr_line' id='line_1_27' title="bbox 185 1695 1300 1750; baseline -0.002 -13"><span class='ocrx_word' id='word_1_171' title='bbox 185 1695 301 1744; x_wconf 84' lang='lat' dir='ltr'>Quae</span> <span class='ocrx_word' id='word_1_172' title='bbox 333 1696 438 1737; x_wconf 89' lang='lat' dir='ltr'>mihi</span> <span class='ocrx_word' id='word_1_173' title='bbox 468 1696 612 1737; x_wconf 89' lang='lat' dir='ltr'>nescio</span> <span class='ocrx_word' id='word_1_174' title='bbox 646 1710 728 1750; x_wconf 89' lang='lat' dir='ltr'>quo</span> <span class='ocrx_word' id='word_1_175' title='bbox 760 1710 846 1736; x_wconf 92' lang='lat' dir='ltr'>non</span> <span class='ocrx_word' id='word_1_176' title='bbox 878 1696 958 1736; x_wconf 85' lang='lat' dir='ltr'>erit</span> <span class='ocrx_word' id='word_1_177' title='bbox 991 1709 1124 1748; x_wconf 88' lang='lat' dir='ltr'>aequa</span> <span class='ocrx_word' id='word_1_178' title='bbox 1155 1695 1300 1749; x_wconf 90' lang='lat' dir='ltr'>modo,</span> 
     </span>
     <span class='ocr_line' id='line_1_28' title="bbox 125 1752 1135 1808; baseline -0.002 -13"><span class='ocrx_word' id='word_1_179' title='bbox 125 1752 242 1795; x_wconf 87' lang='lat' dir='ltr'>Neve</span> <span class='ocrx_word' id='word_1_180' title='bbox 274 1768 390 1795; x_wconf 90' lang='lat' dir='ltr'>meos</span> <span class='ocrx_word' id='word_1_181' title='bbox 424 1768 566 1795; x_wconf 88' lang='lat' dir='ltr'>coram</span> <span class='ocrx_word' id='word_1_182' title='bbox 599 1754 733 1795; x_wconf 90' lang='lat' dir='ltr'>scindi</span> <span class='ocrx_word' id='word_1_183' title='bbox 763 1754 927 1808; x_wconf 88' lang='lat' dir='ltr'>patiare</span> <span class='ocrx_word' id='word_1_184' title='bbox 960 1753 1135 1807; x_wconf 86' lang='lat' dir='ltr'>capillos</span> 
     </span>
     <span class='ocr_line' id='line_1_29' title="bbox 72 1810 1236 1865; baseline -0.001 -13"><span class='ocrx_word' id='word_1_185' title='bbox 72 1822 106 1847; x_wconf 86' lang='lat'>80</span> <span class='ocrx_word' id='word_1_186' title='bbox 184 1811 242 1852; x_wconf 88' lang='lat' dir='ltr'>Et</span> <span class='ocrx_word' id='word_1_187' title='bbox 272 1812 422 1852; x_wconf 72' lang='lat' dir='ltr'>leviter</span> <span class='ocrx_word' id='word_1_188' title='bbox 453 1812 567 1853; x_wconf 90' lang='lat' dir='ltr'>dicas</span> <span class='ocrx_word' id='word_1_189' title='bbox 600 1812 718 1853; x_wconf 71' lang='lat' dir='ltr'>‘haec</span> <span class='ocrx_word' id='word_1_190' title='bbox 751 1826 917 1865; x_wconf 87' lang='lat' dir='ltr'>quoque</span> <span class='ocrx_word' id='word_1_191' title='bbox 948 1814 1096 1852; x_wconf 90' lang='lat' dir='ltr'>nostra</span> <span class='ocrx_word' id='word_1_192' title='bbox 1126 1810 1236 1851; x_wconf 61' lang='lat' dir='ltr'>fuit?</span> 
     </span>
     <span class='ocr_line' id='line_1_30' title="bbox 124 1869 1299 1924; baseline -0.002 -14"><span class='ocrx_word' id='word_1_193' title='bbox 124 1869 204 1910; x_wconf 89' lang='lat' dir='ltr'>Vel</span> <span class='ocrx_word' id='word_1_194' title='bbox 235 1870 398 1924; x_wconf 89' lang='lat' dir='ltr'>patiare</span> <span class='ocrx_word' id='word_1_195' title='bbox 430 1870 546 1922; x_wconf 88' lang='lat' dir='ltr'>licet,</span> <span class='ocrx_word' id='word_1_196' title='bbox 579 1870 679 1910; x_wconf 89' lang='lat' dir='ltr'>dum</span> <span class='ocrx_word' id='word_1_197' title='bbox 709 1884 761 1911; x_wconf 93' lang='lat' dir='ltr'>ne</span> <span class='ocrx_word' id='word_1_198' title='bbox 795 1873 1039 1923; x_wconf 87' lang='lat' dir='ltr'>contempta</span> <span class='ocrx_word' id='word_1_199' title='bbox 1069 1869 1299 1922; x_wconf 75' lang='lat' dir='ltr'>relinquar:</span> 
     </span>
     <span class='ocr_line' id='line_1_31' title="bbox 182 1927 1269 1969; baseline -0.001 -1"><span class='ocrx_word' id='word_1_200' title='bbox 182 1927 264 1969; x_wconf 91' lang='lat' dir='ltr'>Hic</span> <span class='ocrx_word' id='word_1_201' title='bbox 296 1927 402 1968; x_wconf 85' lang='lat' dir='ltr'>mihi</span> <span class='ocrx_word' id='word_1_202' title='bbox 433 1929 525 1968; x_wconf 78' lang='lat' dir='ltr'>vae!</span> <span class='ocrx_word' id='word_1_203' title='bbox 558 1927 736 1968; x_wconf 82' lang='lat' dir='ltr'>miserae</span> <span class='ocrx_word' id='word_1_204' title='bbox 769 1927 960 1969; x_wconf 89' lang='lat' dir='ltr'>concutit</span> <span class='ocrx_word' id='word_1_205' title='bbox 992 1941 1089 1968; x_wconf 90' lang='lat' dir='ltr'>ossa</span> <span class='ocrx_word' id='word_1_206' title='bbox 1120 1929 1269 1967; x_wconf 88' lang='lat' dir='ltr'>metus.</span> 
     </span>
     <span class='ocr_line' id='line_1_32' title="bbox 125 1984 1376 2040; baseline -0.001 -14"><span class='ocrx_word' id='word_1_207' title='bbox 125 1984 234 2033; x_wconf 89' lang='lat' dir='ltr'>Quid</span> <span class='ocrx_word' id='word_1_208' title='bbox 264 1988 409 2027; x_wconf 89' lang='lat' dir='ltr'>tamen</span> <span class='ocrx_word' id='word_1_209' title='bbox 440 1985 666 2040; x_wconf 79' lang='lat' dir='ltr'>expectas?</span> <span class='ocrx_word' id='word_1_210' title='bbox 698 1985 1021 2040; x_wconf 80' lang='lat' dir='ltr'>Agamemnona</span> <span class='ocrx_word' id='word_1_211' title='bbox 1051 1984 1240 2038; x_wconf 86' lang='lat' dir='ltr'>paenitet</span> <span class='ocrx_word' id='word_1_212' title='bbox 1270 1984 1376 2040; x_wconf 89' lang='lat' dir='ltr'>irae,</span> 
     </span>
     <span class='ocr_line' id='line_1_33' title="bbox 182 2042 1214 2096; baseline -0.001 -12"><span class='ocrx_word' id='word_1_213' title='bbox 182 2043 241 2084; x_wconf 91' lang='lat' dir='ltr'>Et</span> <span class='ocrx_word' id='word_1_214' title='bbox 270 2044 382 2085; x_wconf 88' lang='lat' dir='ltr'>iacet</span> <span class='ocrx_word' id='word_1_215' title='bbox 415 2047 512 2085; x_wconf 89' lang='lat' dir='ltr'>ante</span> <span class='ocrx_word' id='word_1_216' title='bbox 543 2047 641 2084; x_wconf 88' lang='lat' dir='ltr'>tuos</span> <span class='ocrx_word' id='word_1_217' title='bbox 675 2042 852 2084; x_wconf 80' lang='lat' dir='ltr'>Graecia</span> <span class='ocrx_word' id='word_1_218' title='bbox 883 2046 1045 2084; x_wconf 88' lang='lat' dir='ltr'>maesta</span> <span class='ocrx_word' id='word_1_219' title='bbox 1074 2043 1214 2096; x_wconf 90' lang='lat' dir='ltr'>pedes.</span> 
     </span>
     <span class='ocr_line' id='line_1_34' title="bbox 72 2100 1300 2155; baseline -0.001 -13"><span class='ocrx_word' id='word_1_220' title='bbox 72 2111 104 2137; x_wconf 83' lang='lat'>85</span> <span class='ocrx_word' id='word_1_221' title='bbox 125 2100 258 2142; x_wconf 90' lang='lat' dir='ltr'>Vince</span> <span class='ocrx_word' id='word_1_222' title='bbox 291 2101 455 2142; x_wconf 86' lang='lat' dir='ltr'>animos</span> <span class='ocrx_word' id='word_1_223' title='bbox 486 2102 678 2155; x_wconf 87' lang='lat' dir='ltr'>iramque</span> <span class='ocrx_word' id='word_1_224' title='bbox 709 2104 846 2155; x_wconf 87' lang='lat' dir='ltr'>tuam,</span> <span class='ocrx_word' id='word_1_225' title='bbox 877 2101 948 2154; x_wconf 89' lang='lat' dir='ltr'>qui</span> <span class='ocrx_word' id='word_1_226' title='bbox 981 2104 1120 2142; x_wconf 89' lang='lat' dir='ltr'>cetera</span> <span class='ocrx_word' id='word_1_227' title='bbox 1150 2101 1300 2142; x_wconf 76' lang='lat' dir='ltr'>vincis!</span> 
     </span>
     <span class='ocr_line' id='line_1_35' title="bbox 185 2158 1237 2214; baseline 0.001 -15"><span class='ocrx_word' id='word_1_228' title='bbox 185 2158 294 2207; x_wconf 89' lang='lat' dir='ltr'>Quid</span> <span class='ocrx_word' id='word_1_229' title='bbox 325 2160 484 2200; x_wconf 89' lang='lat' dir='ltr'>lacerat</span> <span class='ocrx_word' id='word_1_230' title='bbox 515 2159 685 2201; x_wconf 86' lang='lat' dir='ltr'>Danaas</span> <span class='ocrx_word' id='word_1_231' title='bbox 716 2159 884 2214; x_wconf 88' lang='lat' dir='ltr'>inpiger</span> <span class='ocrx_word' id='word_1_232' title='bbox 914 2159 1075 2200; x_wconf 89' lang='lat' dir='ltr'>Hector</span> <span class='ocrx_word' id='word_1_233' title='bbox 1107 2159 1237 2213; x_wconf 77' lang='lat' dir='ltr'>opes?</span> 
     </span>
     <span class='ocr_line' id='line_1_36' title="bbox 124 2216 1362 2272; baseline 0 -14"><span class='ocrx_word' id='word_1_234' title='bbox 124 2216 258 2259; x_wconf 84' lang='lat' dir='ltr'>Arma</span> <span class='ocrx_word' id='word_1_235' title='bbox 288 2231 408 2271; x_wconf 87' lang='lat' dir='ltr'>cape,</span> <span class='ocrx_word' id='word_1_236' title='bbox 439 2217 639 2271; x_wconf 78' lang='lat' dir='ltr'>Aeacide,</span> <span class='ocrx_word' id='word_1_237' title='bbox 671 2218 743 2258; x_wconf 90' lang='lat' dir='ltr'>sed</span> <span class='ocrx_word' id='word_1_238' title='bbox 773 2220 1016 2259; x_wconf 81' lang='lat' dir='ltr'>me&#39;tamen</span> <span class='ocrx_word' id='word_1_239' title='bbox 1047 2220 1144 2258; x_wconf 90' lang='lat' dir='ltr'>ante</span> <span class='ocrx_word' id='word_1_240' title='bbox 1176 2220 1362 2272; x_wconf 84' lang='lat' dir='ltr'>recepta,</span> 
     </span>
     <span class='ocr_line' id='line_1_37' title="bbox 182 2275 1171 2329; baseline 0 -13"><span class='ocrx_word' id='word_1_241' title='bbox 182 2275 240 2316; x_wconf 90' lang='lat' dir='ltr'>Et</span> <span class='ocrx_word' id='word_1_242' title='bbox 271 2290 413 2329; x_wconf 90' lang='lat' dir='ltr'>preme</span> <span class='ocrx_word' id='word_1_243' title='bbox 445 2276 640 2316; x_wconf 88' lang='lat' dir='ltr'>turbatos</span> <span class='ocrx_word' id='word_1_244' title='bbox 673 2275 809 2316; x_wconf 82' lang='lat' dir='ltr'>Marte</span> <span class='ocrx_word' id='word_1_245' title='bbox 841 2275 1009 2316; x_wconf 88' lang='lat' dir='ltr'>favente</span> <span class='ocrx_word' id='word_1_246' title='bbox 1040 2276 1171 2316; x_wconf 81' lang='lat' dir='ltr'>viros!</span> 
     </span>
     <span class='ocr_line' id='line_1_38' title="bbox 123 2330 1222 2388; baseline 0.001 -15"><span class='ocrx_word' id='word_1_247' title='bbox 123 2330 305 2387; x_wconf 89' lang='lat' dir='ltr'>Propter</span> <span class='ocrx_word' id='word_1_248' title='bbox 336 2348 402 2375; x_wconf 89' lang='lat' dir='ltr'>me</span> <span class='ocrx_word' id='word_1_249' title='bbox 434 2336 611 2388; x_wconf 88' lang='lat' dir='ltr'>motast,</span> <span class='ocrx_word' id='word_1_250' title='bbox 641 2337 816 2388; x_wconf 87' lang='lat' dir='ltr'>propter</span> <span class='ocrx_word' id='word_1_251' title='bbox 847 2349 913 2375; x_wconf 91' lang='lat' dir='ltr'>me</span> <span class='ocrx_word' id='word_1_252' title='bbox 946 2333 1112 2375; x_wconf 88' lang='lat' dir='ltr'>desinat</span> <span class='ocrx_word' id='word_1_253' title='bbox 1141 2333 1222 2388; x_wconf 88' lang='lat' dir='ltr'>ira,</span> 
     </span>
    </p>
   </div>
   <div class='ocr_carea' id='block_1_3' title="bbox 14 2413 1674 2662">
    <p class='ocr_par' dir='ltr' id='par_1_5' title="bbox 14 2413 1674 2662">
     <span class='ocr_line' id='line_1_39' title="bbox 14 2413 1674 2662; baseline 0 0"><span class='ocrx_word' id='word_1_254' title='bbox 14 2413 1674 2662; x_wconf 95' lang='lat' dir='ltr'> </span> 
     </span>
    </p>
   </div>
  </div>
 </body>
</html>
