1674 2662
0 0 1023 30 —n————=====x====-=2>
1036 0 1172 6 »ῌὲ
1203 0 1375 5 --.-..--

626 178 653 222 I,
680 189 732 214 250
746 199 788 204 -
803 189 865 214 323.
1323 177 1404 218 191

71 272 193 314 Illius
224 272 430 327 lacrimis,
461 288 566 327 quas
599 273 748 314 arbore
780 272 920 314 fundit
954 273 1101 327 odora,

130 329 392 386 Unguimur,
423 334 465 372 et
497 331 692 372 dominae
723 331 897 372 nomina
929 334 1053 386 gutta
1083 333 1211 371 tenet.

71 388 202 430 Forte
235 389 313 430 sub
346 390 559 430 umbrosis
590 403 839 430 nemorosae
870 389 1054 430 vallibus
1086 388 1185 430 Idae

4 457 55 483 290
132 446 365 501 Candidus,
395 447 576 488 armenti
609 447 764 502 gloria,
794 450 941 488 taurus
973 450 1080 496 erat,

75 504 278 560 Signatus
309 505 428 546 tenui
459 505 599 546 media
628 506 742 546 inter
773 519 931 547 cornua
961 506 1104 561 nigro:

130 562 227 605 Una.
257 563 340 604 fuit
371 563 508 617 labes,
540 567 679 605 cetera
709 564 834 605 lactis
868 567 998 604 erant.

72 621 199 662 Illum
231 620 550 675 Gnosiadesque
583 620 888 676 Cydoneaeque
919 622 1120 662 iuvencae

133 678 345 733 Optarunt
376 683 499 734 tergo
533 680 787 721 sustinuisse
823 694 918 734 suo,

5 748 54 773 295
74 736 283 791 Pasiphae
314 737 406 778 fieri
439 738 651 792 gaudebat
683 737 874 778 adultera
905 737 1034 783 tauri:

132 795 281 836 Invida
312 795 522 836 formosas
557 796 702 836 oderat
731 796 807 836 illa
837 796 979 836 boves.

75 851 193 894 Nota
223 867 346 894 cano:
376 867 464 894 non
494 853 592 907 hoc,
624 857 794 895 centum
826 868 932 907 quae
964 853 1147 894 sustinet
1178 853 1324 908 urbes,

135 910 336 959 Quamvis
369 911 425 952 sit
456 912 653 965 mendax,
684 911 811 953 Creta
840 925 996 966 negare
1027 915 1183 965 potest.

75 969 175 1023 Ipsa
205 983 336 1010 novas
368 969 538 1010 frondes
571 972 613 1010 et
643 972 767 1023 prata
797 969 1028 1010 tenerrima
1057 972 1181 1010 tauro

5 1037 57 1062 300
134 1026 290 1068 Fertur
319 1027 543 1068 inadsueta
575 1027 841 1068 subsecuisse
873 1041 1020 1081 mann,

74 1084 114 1126 It
146 1098 286 1126 comes
319 1085 540 1126 armentis:
571 1099 648 1126 nec
679 1085 836 1126 ituram
869 1099 969 1126 cura
998 1088 1191 1125 moratur

0 1189 1 1195 ¹
104 1174 108 1179 .
134 1141 358 1197 Coniugis,
389 1146 432 1183 et
462 1142 602 1184 Minos
634 1157 658 1183 a
688 1143 796 1184 bove
827 1143 965 1185 victus
998 1146 1100 1184 erat.

0 1205 1 1251 ζ
77 1199 168 1248 Quo
202 1200 300 1254 tibi,
330 1200 559 1255 Pasiphae,
588 1201 798 1255 pretiosas
831 1215 996 1242 sumere
1028 1200 1199 1242 vestes?

134 1258 212 1299 Ille
244 1262 343 1299 tuus
374 1259 514 1299 nullas
546 1259 677 1299 sentit
709 1259 874 1299 adulter
907 1273 1019 1313 opes.

7 1325 57 1352 305
78 1316 188 1366 Quid
218 1316 299 1357 tibi
331 1330 427 1357 cum
459 1316 630 1370 speculo
662 1320 866 1358 montana
897 1320 1089 1357 armenta
1119 1316 1311 1370 petenti?

135 1374 245 1423 Quid
276 1374 434 1415 totiens
465 1374 629 1428 positas
655 1374 801 1429 fingis,
832 1374 995 1428 inepta,
1027 1374 1199 1415 comas?

77 1431 209 1474 Crede
241 1435 384 1473 tamen
416 1432 605 1486 speculo,
637 1433 750 1486 quod
780 1436 822 1473 te
852 1435 983 1487 negat
1014 1446 1105 1472 esse
1134 1432 1368 1473 iuvencam.

136 1489 273 1539 Quam
305 1504 478 1544 cuperes
510 1490 643 1531 fronti
675 1504 833 1531 cornua
863 1494 964 1531 nata
995 1491 1110 1530 tuae!

79 1547 175 1590 Sive
206 1548 347 1602 placet
377 1547 537 1602 Minos,
566 1548 708 1589 nullus
741 1551 969 1602 quaeratur
1001 1548 1184 1603 adulter,

9 1616 60 1641 310
138 1605 234 1647 Sive
265 1606 404 1647 virum
435 1606 569 1647 mavis
600 1606 765 1660 fallere,
795 1606 895 1647 falle
926 1606 1034 1647 viro!

77 1664 129 1705 In
158 1678 307 1705 nemus
340 1667 382 1705 et
414 1664 548 1705 saltus
579 1664 768 1705 thalamo
799 1664 946 1719 regina
984 1663 1131 1704 relicto

136 1721 309 1775 Fertur,
339 1726 387 1762 ut
418 1722 558 1763 Aonio
591 1722 758 1764 concita
789 1722 958 1763 Baccha
990 1722 1079 1763 deo.

79 1780 134 1821 A!
168 1780 363 1833 quotiens
394 1794 567 1821 vaccam
597 1780 719 1821 vultu
746 1780 954 1834 spectavit
983 1779 1131 1832 iniquo

137 1837 196 1878 Et
227 1837 334 1878 dixit
366 1837 552 1878 ‘domino
584 1852 658 1879 cur
687 1838 828 1892 placet
859 1838 943 1878 ista
975 1837 1100 1878 meo‘?

10 1905 61 1931 315
79 1895 282 1949 Adspice,
311 1898 360 1935 ut
392 1898 489 1936 ante
519 1895 661 1949 ipsum
691 1895 849 1937 teneris
881 1895 1045 1936 exultet
1074 1895 1121 1935 in
1150 1894 1311 1935 herbis!

138 1951 228 1994 Nec
260 1953 428 2007 dubito,
459 1953 561 2006 quin
592 1967 636 1994 se
668 1953 801 1994 stulta
831 1954 975 1994 decere
1007 1952 1157 2007 putet.⁵

79 2010 220 2064 Dixit,
250 2014 292 2052 et
321 2010 487 2065 ingenti
515 2011 763 2052 iamdudum
794 2011 843 2052 de
877 2025 1004 2066 grege
1037 2010 1133 2052 duci

137 2068 271 2110 Iussit
302 2072 344 2109 et
374 2069 617 2110 inmeritam
649 2069 727 2110 sub
758 2069 860 2124 iuga
891 2083 1019 2110 curva
1048 2068 1180 2121 trahi,

80 2126 170 2168 Aut
201 2127 347 2168 cadere
379 2130 476 2168 ante
508 2141 602 2167 aras
635 2130 956 2180 commentaque
988 2140 1108 2167 sacra
1139 2126 1280 2181 coegit

12 2194 64 2220 820
138 2184 198 2225 Et
227 2184 366 2225 tenuit
395 2184 508 2225 laeta
537 2184 710 2238 paelicis
743 2188 840 2225 exta
870 2199 1012 2225 manu.

81 2240 321 2283 Paelicibus
354 2242 550 2296 quotiens
581 2242 766 2296 placavit
794 2242 970 2283 numina
1001 2241 1133 2284 caesis

139 2299 282 2354 Atque
313 2300 374 2341 ait
404 2303 502 2341 exta
531 2303 680 2341 tenens
712 2300 802 2354 ‘ite,
832 2300 996 2354 placete
1027 2299 1154 2341 meo?

79 2357 140 2399 Et
169 2358 296 2399 modo
328 2372 373 2399 se
404 2358 605 2413 Europen
634 2358 746 2414 fieri,
775 2358 901 2399 modo
932 2358 1124 2412 postulat
1153 2357 1251 2413 Ion,
