1690 2656
181 148 265 190 140
691 148 1013 183 EPISTULAE.

236 243 478 298 Iliadesque
512 258 658 285 omnes
691 246 868 296 totaque
899 242 1028 283 Troia
1060 242 1190 283 dabit.

177 302 232 343 Ei
266 303 389 343 mihi!
422 317 520 356 pars
553 317 577 342 a
609 316 675 342 me
707 301 778 342 vix
810 301 966 342 dicitur
996 301 1083 341 ulla
1115 301 1267 341 fut-uri:

237 360 367 401 Plura
397 360 525 413 feres,
559 374 687 413 quam
720 374 826 413 quae
859 360 1003 400 littera
1033 362 1182 400 nostra
1213 359 1353 400 refert.

178 418 267 460 Nec
301 422 349 459 tu
381 422 505 472 rapta
536 418 658 472 time,
689 432 742 458 ne
773 432 850 458 nos
883 418 973 459 fera
1004 418 1115 458 bella
1148 421 1400 472 sequantur,

107 488 159 513 340
239 475 437 517 Concitet
469 480 511 517 et
542 476 652 517 vires
688 476 865 517 Graecia
897 491 1053 531 magna
1086 491 1201 517 suas:

178 535 260 575 Tot
291 535 408 589 prius
443 535 638 576 abductis
671 538 846 588 ecquast
878 535 1062 589 repetita
1092 549 1168 589 per
1200 534 1345 575 arma?

238 592 369 634 Crede
401 593 526 647 mihi,
556 607 689 634 vanos
722 608 788 634 res
820 593 951 633 habet
982 593 1067 633 ista
1099 594 1256 634 metus!

177 650 362 692 Nomine
397 655 600 706 ceperunt
631 651 858 705 Aquilonis
891 651 1155 692 Erechthida
1186 651 1390 706 Thraces,

235 710 294 750 Et
326 713 421 751 tuta
454 725 478 751 a
508 710 622 751 bello
655 710 848 751 Bistonis
882 725 956 750 ora
987 709 1088 764 fuit3

106 780 157 804 345
177 767 363 809 Phasida
393 783 536 823 puppe
566 783 679 809 nova
710 769 825 809 vexit
856 768 1100 823 Pagasaeus
1133 767 1279 822 Iason,

236 826 373 867 Laesa
403 830 586 881 nequest
618 825 777 868 Colcha
808 827 1014 867 Thessala
1045 830 1156 867 terra
1190 841 1336 881 manu3

177 884 235 926 Te
269 900 437 940 quoque
470 886 542 940 qui
574 886 737 940 rapuit,
768 886 911 939 rapuit
943 885 1133 926 Minoida
1164 884 1372 939 Theseus3

236 943 368 985 Nulla
398 947 544 985 tamen
573 944 715 984 Minos
749 942 897 984 Cretas
931 944 982 984 ad
1015 958 1132 984 arma
1164 947 1300 984 vocat.

177 1001 332 1042 Terror
363 1002 408 1042 in
439 1002 506 1043 his
538 1002 633 1056 ipso
666 1003 803 1043 maior
836 1002 945 1042 solet
977 1016 1068 1042 esse
1100 1001 1276 1055 periclo:

105 1070 158 1095 350
237 1059 411 1114 Quaque
444 1061 594 1101 timere
626 1061 750 1114 libet7
780 1060 1052 1114 pertimuisse
1084 1060 1226 1113 pudet.

176 1117 312 1173 Finge
345 1121 508 1173 tamen,
540 1119 576 1159 si
608 1119 690 1172 vis,
720 1119 873 1173 ingens
907 1132 1163 1173 consurgere
1195 1118 1373 1159 bellum:

235 1177 294 1217 Et
326 1177 432 1217 mihi
466 1181 565 1218 sunt
596 1177 726 1231 vires,
758 1181 800 1217 et
832 1191 926 1217 mea
957 1177 1043 1217 tela
1073 1177 1246 1217 nocent}

177 1234 265 1276 Nec
300 1235 440 1276 minor
471 1239 536 1276 est
568 1235 697 1276 Asiae
730 1250 858 1288 quam
889 1238 1055 1276 vestrae
1087 1235 1208 1289 copia
1241 1238 1397 1276 terrae:

235 1293 316 1334 Illa
347 1293 450 1334 viris
483 1293 618 1347 dives,
650 1293 765 1334 dives
799 1294 988 1334 abundat
1020 1293 1150 1346 equis.

106 1362 157 1388 355
178 1351 267 1392 Nec
300 1351 396 1405 plus
430 1352 602 1392 Atrides
637 1352 768 1392 animi
800 1352 1018 1392 Menelaus
1049 1351 1227 1392 habebit

236 1410 374 1458 Quam
404 1409 527 1451 Paris
560 1413 634 1451 aut
667 1410 795 1451 armis
830 1410 1127 1451 anteferendus
1159 1410 1257 1450 erit:

174 1467 314 1509 Paene
346 1483 451 1522 puer
484 1469 617 1510 caesis
650 1469 834 1510 abducta
866 1472 1059 1509 armenta
1089 1468 1230 1522 recepi

233 1526 445 1567 Hostibus
479 1530 521 1568 et
553 1542 725 1568 causam
757 1527 942 1568 nominis
974 1527 1071 1567 inde
1103 1527 1203 1591 tuli3

174 1584 314 1625 Paene
345 1600 450 1639 puel
481 1586 655 1626 iuvenes
687 1586 806 1626 vario
840 1585 1070 1626 certamine
1102 1585 1203 1639 vici,

104 1654 155 1679 360
234 1643 285 1683 In
317 1644 471 1697 quibus
504 1644 692 1685 Ilioneus
724 1644 1058 1698 Deiphobusque
1090 1643 1190 1698 fuit·

175 1701 293 1742 Nexe
325 1705 469 1756 putes
498 1717 587 1742 non
618 1717 684 1743 me
715 1702 800 1742 nisi
832 1702 1070 1743 comminus
1103 1716 1194 1742 esse
1227 1701 1481 1757 timendum,

234 1760 405 1815 Figitur
435 1761 481 1800 in
510 1760 627 1801 iusso
659 1764 809 1801 nostia
842 1760 1002 1815 sagitta-
1032 1760 1138 1801 loco.

174 1817 274 1858 Non
289 1796 428 1872 &potes
460 1818 565 1860 haec
595 1819 659 1859 illi
691 1819 852 1873 primae
886 1819 984 1860 dare
1016 1819 1130 1860 facta
1161 1818 1377 1874 iuventae,

234 1876 450 1918 Instruere
482 1877 664 1918 Atriden
694 1892 781 1918 non
812 1880 935 1931 potes
969 1880 1059 1918 arte
1091 1878 1201 1917 mea!

103 1945 155 1970 365
176 1933 330 1975 Omnia
362 1936 398 1976 si
430 1936 612 1989 dederis,
642 1936 850 1989 numquid
882 1936 1001 1976 dabis
1035 1935 1224 1976 Hectora
1254 1935 1462 1977 fiatrem‘?

232 1991 354 2033 Unus
386 1993 423 2034 is
454 1994 667 2035 innumeri
699 1994 849 2035 militis
880 1994 1018 2035 inst-ar
1049 1994 1140 2034 erit.

175 2049 285 2099 Quid
317 2051 480 2092 valeam
511 2053 669 2106 nescis,
702 2056 743 2093 et
774 2057 816 2093 te
849 2068 942 2093 mea
973 2053 1129 2093 robora
1160 2051 1333 2107 fallunt3

233 2109 431 2164 Ignoras,
463 2111 530 2151 cui
563 2111 621 2151 sis
652 2114 786 2165 nupta
818 2111 964 2151 futura
995 2111 1103 2151 viro:

173 2166 264 2208 Aut
293 2166 428 2221 igitur
458 2169 576 2209 nullo
610 2169 711 2210 belli
745 2173 934 2223 repetere
967 2169 1173 2222 tumultu,

103 2237 154 2261 370
233 2225 322 2265 Aut
354 2225 503 2266 cedent
535 2226 664 2267 Marti
695 2227 854 2269 Dorica
886 2230 1026 2268 castra
1056 2229 1167 2268 meo!

173 2282 264 2324 Nec
295 2286 440 2324 tamen
470 2283 667 2338 indigner
697 2301 774 2339 pro
807 2290 929 2327 tanta
962 2300 1126 2326 sumere
1157 2285 1317 2326 ferrum

233 2339 442 2397 Coniuge:
476 2345 691 2383 certamen
723 2344 911 2397 praemia
943 2358 1101 2398 magna
1131 2346 1320 2397 movent3

1472 371 1524 396 340

1471 955 1523 980 350

1471 1229 1524 1273 355

1469 1539 1522 1564 360

1467 1831 1519 1856 365

1465 2123 1517 2148 370
