1690 2656
290 142 374 184 160
798 143 1118 179 EPISTULAE.

349 238 463 287 Quae
495 254 727 292 numquam
758 238 842 279 nisi
874 242 916 280 te
949 239 1109 293 sospite
1143 254 1290 293 sospes
1323 241 1411 281 ero!

290 296 394 352 Spes
427 301 571 338 tamen
603 300 667 338 est
699 297 846 338 fractis
880 297 1043 338 vicinae
1074 299 1192 352 pacis
1224 298 1269 338 in
1300 299 1442 340 undis:

347 356 410 396 Tu
441 356 630 410 placidas
663 359 757 396 tuto
790 359 960 410 pectore
992 356 1102 397 finde
1134 356 1241 397 vias!

287 414 455 455 Interea
486 414 634 468 nandi,
666 414 868 469 quoniam
899 415 1010 455 freta
1039 415 1186 469 pervia
1216 429 1304 456 non
1336 418 1453 469 sunt,

218 484 268 508 ‘210
346 472 498 514 Leniat
529 473 688 514 invisas
720 473 866 514 littera
897 473 1028 514 missa
1059 475 1217 514 moras!

693 588 930 622 ACONTIUS
957 588 1017 622 CY
1025 588 1204 623 DIPPAE.

76 651 221 687 XVIIII.
249 649 484 704 *[Accipe,
516 647 724 704 Cydippe,
755 649 943 703 despecti
974 663 1131 690 nomen
1163 649 1340 704 Aconti,

346 708 488 762 Illius,
518 708 563 748 111
594 722 722 762 pomo
757 708 829 761 qui
862 707 942 748 tibi
974 708 1103 749 verba
1136 708 1317 759 dedit.]*

287 766 403 807 Pone
436 767 614 807 metum!
649 766 758 807 nihil
789 766 858 808 1110
890 767 1047 807 iterum
1078 766 1239 807 iurabis
1273 766 1452 807 amanti:

346 825 609 866 Promissam
641 825 745 866 satis
779 828 844 866 est
875 828 916 866 te
949 825 1079 866 semel
1105 840 1197 865 esse
1229 825 1345 866 mihi.

286 883 479 939 Perlege!
513 884 701 925 discedat
734 883 794 925 sic
827 898 1003 938 corpore
1034 884 1217 938 languor
1249 884 1301 924 ab
1332 883 1437 937 isto,

347 941 469 990 Quod
501 957 620 983 meus
653 945 718 983 est
749 942 837 982 ulla
868 945 989 996 parte
1022 942 1162 983 dolere
1196 943 1333 983 dolor!

250 1010 266 1036 5
288 1000 398 1049 Quid
428 1001 564 1055 pudor
597 1003 694 1042 ante
728 1000 874 1041 subit?
905 1015 1024 1055 nam,
1055 1000 1166 1041 sicut
1196 1000 1242 1041 in
1275 1001 1374 1041 aede
1406 999 1587 1042 Dianae.

347 1058 549 1113 Suspicor
578 1059 786 1114 ingenuas
820 1059 1039 1100 erubuisse
1072 1073 1213 1113 genas.

288 1116 547 1172 Coniugium
576 1121 831 1183 pactamque
862 1118 1006 1171 fidem,
1037 1132 1123 1158 non
1153 1117 1330 1158 crimina
1361 1131 1509 1170 posco:

345 1176 528 1217 Debitus
560 1179 609 1217 ut
641 1176 843 1230 coniunx,
873 1190 960 1216 non
990 1179 1039 1216 ut
1072 1176 1237 1216 adulter
1269 1189 1376 1216 amo.

286 1235 430 1276 Verba
460 1235 560 1276 licet
591 1238 777 1288 repetas,
809 1249 915 1288 quae
948 1235 1145 1288 demptus
1179 1235 1231 1275 ab
1265 1234 1414 1275 arbore
1445 1232 1558 1274 fetus

236 1305 268 1329 10
345 1293 530 1334 Pertulit
563 1294 615 1333 ad
647 1296 786 1334 castas
819 1307 885 1334 me
916 1293 1097 1334 iaciente
1131 1307 1299 1333 manus:

287 1352 482 1393 Invenies
513 1352 620 1406 illic,
651 1352 695 1392 id
726 1355 767 1392 te
802 1352 1027 1406 spondere,
1059 1351 1172 1405 quod
1204 1354 1306 1405 opto

345 1410 404 1451 Te
435 1410 599 1465 potius,
629 1410 770 1465 virgo,
802 1425 930 1463 quam
962 1410 1205 1451 meminisse
1238 1410 1370 1451 deam.

287 1469 413 1510 Nunc
439 1483 606 1523 quoque
632 1469 745 1509 idem
769 1468 921 1523 timeo,
946 1469 1019 1510 sed
1043 1469 1157 1509 idem
1182 1472 1326 1509 tamen
1347 1467 1485 1509 acrius
1505 1467 1627 1508 illud:

345 1527 600 1581 Adsumpsit
630 1527 740 1568 vires
774 1530 981 1581 auctaque
1014 1527 1185 1568 flamma
1217 1530 1397 1580 morast,

235 1596 267 1622 15
288 1586 452 1640 Quique
484 1586 566 1627 fuit
597 1601 830 1639 numquam
860 1601 1035 1639 parvus,
1066 1601 1178 1626 1111110
1210 1589 1400 1639 tempore
1432 1585 1562 1640 longo

347 1645 405 1685 Et
437 1659 529 1699 spe,
561 1659 688 1698 quam
721 1644 893 1685 dederas
926 1647 974 1684 tu
1006 1644 1129 1697 mihi,
1163 1644 1295 1685 crevit
1327 1658 1456 1684 amor.

289 1703 417 1758 Spem
449 1703 554 1744 mihi
586 1706 633 1743 tu
666 1703 857 1757 dederas,
894 1717 1012 1743 meus
1049 1703 1118 1743 hic
1156 1702 1237 1743 tibi
1276 1702 1453 1743 eredidit
1486 1701 1626 1742 ardor:

347 1761 447 1802 Non
478 1765 599 1815 potes
631 1761 713 1802 hoc
744 1761 905 1802 factum
940 1763 1050 1802 teste
1083 1775 1238 1816 negare
1271 1760 1358 1801 dea.

289 1820 440 1862 Adfuit
473 1823 532 1873 et,
562 1834 761 1874 praesens
794 1823 842 1859 ut
875 1822 984 1873 erat,
1019 1823 1094 1860 tua
1125 1820 1254 1860 verba
1284 1819 1452 1860 notavit

237 1889 269 1913 20
347 1879 406 1919 Et
436 1878 570 1919 visast
603 1881 720 1919 mota
752 1878 866 1919 dicta
896 1878 1099 1932 probasse
1133 1893 1265 1919 coma.

288 1937 523 1991 Deceptam
556 1937 669 1977 dicas
701 1940 850 1977 nostra
882 1939 923 1977 te
954 1937 1101 1977 fraude
1133 1936 1298 1990 licebit,

347 1995 462 2036 Dum
492 1995 653 2036 fraudis
685 1998 857 2036 nostrae
890 2010 1016 2036 causa
1046 1995 1208 2036 feratur
1240 2008 1369 2035 amor.

289 2053 424 2094 Fraus
457 2068 551 2094 mea
583 2053 684 2107 quid
713 2053 858 2108 petiit,
888 2054 971 2094 nisi
1002 2053 1065 2094 uti
1097 2053 1176 2093 tibi
1207 2052 1435 2107 iungerer‘?
1467 2067 1598 2092 unum

348 2111 397 2152 Id
428 2114 488 2166 te,
520 2112 633 2165 quod
664 2112 870 2166 quereris,
902 2112 1125 2153 conciliare
1157 2112 1317 2165 potest!

237 2180 270 2205 ‘25
290 2168 391 2210 Non
423 2184 500 2224 ego
533 2174 686 2211 natura
716 2185 794 2212 nec
826 2185 921 2211 sum
952 2173 1041 2211 tam
1074 2170 1250 2211 callidus
1281 2184 1378 2210 usu:

351 2227 576 2269 Sollertem
607 2232 654 2269 tu
687 2244 772 2283 me,
804 2229 942 2282 crede,
973 2229 1131 2283 puella,
1162 2228 1279 2269 facis.

291 2286 349 2327 Te
382 2286 488 2326 mihi
521 2287 774 2341 conpositis,
806 2287 946 2340 siquid
977 2290 1121 2328 tamen
1153 2287 1337 2341 egimus,
1369 2301 1393 2327 a
1423 2300 1490 2327 me

349 2344 592 2386 Adstrinxit
624 2345 763 2386 verbis
798 2345 1046 2400 ingeniosus
1079 2345 1229 2386 Amor:
