1690 2656
333 120 416 162 196
781 118 883 153 ARS
909 116 1213 151 AMATORIA.

261 228 313 252 4⁷0
392 215 619 257 Lecturam
653 228 776 268 spera
806 212 1160 267 propositumque
1191 212 1306 253 tene!

331 274 539 328 Tempore
573 272 766 314 difficiles
798 271 975 312 veniunt
1007 271 1059 312 ad
1091 273 1234 311 aratra
1264 270 1485 324 iuvencis*

389 332 598 386 Tempore
628 331 745 372 lenta
775 329 866 384 pati
896 329 1016 370 frena
1047 329 1252 370 docentur
1284 328 1399 382 equi3

331 390 512 432 Ferreus
545 389 721 430 adsiduo
754 387 1020 430 consumitur
1051 387 1202 428 anulus
1235 401 1334 441 usu,

391 448 547 490 Interit
579 447 754 489 adsidua
785 461 930 488 vomer
962 446 1149 487 aduncus
1181 445 1324 486 humo.

262 518 315 544 4⁷5
335 507 445 556 Quid
476 507 614 561 magis
647 508 712 547 est
744 519 846 546 saxo
879 505 1048 558 durum,
1080 503 1182 557 quid
1212 503 1384 544 mollius
1416 502 1557 544 unda?

391 565 512 606 Dura
542 568 689 606 tamen
719 563 838 604 molli
872 577 973 603 saxa
1005 565 1210 603 cavantur
1242 576 1362 616 aqua.

333 623 576 677 Penelopen
609 623 762 677 ipsam,
791 624 936 676 persta
968 621 1113 674 modo,
1144 623 1336 675 tempore
1367 619 1528 674 vinces3

393 680 531 736 Capta
560 681 678 723 vides
711 695 803 722 sero
835 679 1064 735 Pergama,
1095 682 1220 733 capta
1251 684 1404 719 tamen.

335 740 510 795 Legerit
542 743 585 781 et
615 739 726 780 nolit
756 739 1007 791 rescribere,
1039 751 1190 791 cogere
1221 736 1327 777 noli:

263 811 316 835 430
393 798 458 839 Tu
489 798 616 839 modo
647 797 878 839 blanditias
910 797 977 838 fac
1008 796 1125 851 legat
1155 810 1288 849 usque
1320 795 1434 836 tuas!

335 857 452 906 Quae
483 856 621 898 voluit
652 856 825 911 legisse,
857 855 972 896 volet
1003 854 1234 896 rescribere
1266 853 1406 895 lectis:

392 915 476 956 Per
506 929 706 956 numeros
738 913 911 955 venient
941 913 1026 954 ista
1058 913 1297 968 gradusque
1330 925 1441 953 suos,

335 974 538 1015 Forsitan
569 976 612 1014 et
642 973 781 1027 primo
813 972 955 1013 veniet
985 971 1066 1012 tibi
1096 971 1240 1011 littera
1273 970 1430 1024 tristis,

395 1031 595 1086 Quaeque
627 1034 770 1085 roget,
799 1044 852 1071 ne
886 1044 929 1070 se
963 1029 1193 1070 sollicitare
1224 1028 1347 1072 velis:

264 1102 316 1126 485
337 1089 459 1139 Quod
479 1093 604 1145 rogat
622 1089 709 1143 illa,
734 1089 876 1143 timet3
903 1088 1015 1141 quod
1034 1102 1122 1128 non
1140 1090 1278 1142 rogat,
1304 1089 1439 1141 optat,
1457 1089 1506 1128 ut
1524 1086 1676 1143 instes3

393 1149 641 1203 Insequere,
672 1150 715 1188 et
745 1147 835 1188 voti
866 1146 1092 1201 postmodo
1126 1159 1300 1199 compos
1333 1144 1431 1186 eris!

335 1207 505 1249 Interea
537 1206 624 1248 sive
654 1206 730 1246 illa
761 1208 857 1246 toro
889 1204 1090 1258 resupina
1119 1204 1298 1257 feretur,

393 1265 611 1307 Lecticam
643 1263 838 1305 dominae
871 1262 1189 1303 dissimulanter
1221 1262 1307 1315 adi,

335 1323 453 1365 Neve
485 1322 639 1377 aliquis
669 1322 811 1364 verbis
844 1321 1013 1362 odiosas
1047 1321 1198 1362 offerat
1229 1320 1361 1374 auris,

264 1393 317 1418 400
396 1381 533 1430 Quam
563 1384 707 1436 potes,
738 1379 950 1435 ambiguis
984 1379 1161 1420 callidus
1195 1379 1300 1420 abde
1331 1378 1465 1433 notis3

337 1440 420 1482 Seu
451 1440 630 1494 pedibus
661 1439 806 1480 vacuis
838 1438 902 1479 illi
935 1438 1124 1492 spatiosa
1155 1440 1318 1478 teretur

393 1498 610 1553 Porticus,
640 1498 710 1539 hic
742 1497 879 1538 socias
912 1499 959 1537 tu
992 1510 1159 1550 quoque
1190 1496 1319 1550 iunge
1350 1509 1491 1536 moras

335 1558 394 1599 Et
425 1557 552 1598 modo
583 1556 810 1611 praecedas
841 1555 992 1609 facito,
1023 1555 1149 1595 modo
1182 1557 1305 1608 terga
1337 1554 1526 1607 sequaris

395 1616 454 1657 Et
485 1615 611 1656 modo
643 1614 820 1656 festines
854 1617 895 1654 et
927 1613 1052 1654 modo
1085 1613 1226 1653 lentus
1259 1613 1346 1653 eas!

266 1685 317 1711 495
338 1674 428 1715 Nec
459 1674 541 1714 tibi
573 1674 623 1714 de
655 1672 804 1713 mediis
837 1672 1000 1724 aliquot
1031 1670 1213 1711 transire
1246 1670 1464 1712 columnas

397 1731 463 1773 Sit
493 1732 631 1786 pudor
662 1734 736 1772 aut
766 1730 890 1771 lateri
922 1729 1194 1770 continuasse
1224 1729 1357 1783 latus,

336 1790 427 1832 Nec
461 1790 550 1831 sine
581 1792 624 1830 te
657 1802 784 1830 curvo
818 1788 961 1829 sedeat
995 1787 1187 1841 speciosa
1218 1787 1405 1828 theatro:

397 1848 520 1897 Quod
551 1850 734 1902 spectes,
765 1846 923 1887 umeris
956 1846 1117 1886 adferet
1147 1845 1222 1886 illa
1254 1845 1352 1887 suis.

337 1907 462 1948 Illam
493 1906 714 1961 respicias,
743 1905 862 1946 illam
893 1904 1044 1945 mirere
1076 1904 1242 1958 licebit,

267 1976 319 2002 500
396 1965 535 2005 Multa
566 1964 810 2019 supercilio,
841 1963 975 2004 multa
1006 1963 1181 2016 loquare
1212 1962 1345 2014 notis3

339 2024 397 2064 Et
428 2023 624 2077 plaudas,
657 2023 843 2076 aliquam
875 2021 1005 2062 mimo
1039 2021 1222 2061 saltante
1252 2020 1456 2074 puellam,

397 2081 456 2122 Et
486 2082 629 2122 faveas
659 2081 740 2134 illi,
773 2080 965 2134 quisquis
999 2082 1151 2134 agatur
1183 2093 1340 2120 amans.

340 2139 449 2181 Cum
481 2140 637 2194 surgit,
669 2153 835 2193 surges3
867 2139 999 2179 donec
1033 2138 1149 2178 sedet
1180 2137 1273 2191 illa,
1305 2136 1487 2178 sedebis:

398 2197 590 2238 Arbitrio
624 2197 818 2238 dominae
849 2200 1043 2250 tempora
1074 2196 1201 2250 perde
1231 2196 1347 2236 tuae!

268 2268 320 2293 505
342 2255 424 2297 Sed
454 2255 535 2296 tibi
566 2269 642 2296 nec
674 2256 786 2296 ferro
818 2255 985 2309 placeat
1017 2258 1215 2307 torquere
1247 2253 1441 2308 capillos,

397 2313 487 2355 Nec
518 2316 594 2354 tua
625 2314 813 2354 mordaci
844 2313 1011 2367 pumice
1043 2327 1166 2354 crura
1196 2315 1326 2353 teras:
