1690 2656
138 138 222 177 124
666 137 959 173 HEROIDES.

136 232 248 273 Ilion
280 235 323 273 et
355 233 546 274 Tenedos
581 232 822 286 Simoisque
854 236 896 274 et
928 233 1127 275 Xanthus
1160 238 1202 276 et
1234 235 1306 277 Ide

194 290 382 332 Nomina
415 295 514 332 sunt
546 291 640 344 ipso
672 306 805 345 paene
838 291 1028 332 timenda
1060 307 1183 347 sono,

83 360 116 385 ⁵5
137 348 226 390 Nec
260 364 406 404 rapere
440 364 638 400 ausurus,
670 349 753 390 nisi
786 365 829 390 se
863 350 1085 391 defendere
1117 355 1281 406 posset,

193 407 362 462 Hospes
397 410 503 448 erat:
536 407 646 448 vires
677 411 857 449 noverat
887 409 959 450 1110
993 424 1102 450 suas.

134 465 340 519 Venerat,
372 469 420 506 ut
451 466 627 520 famast,
658 467 795 507 multo
830 467 1077 520 spectabilis
1111 482 1213 508 auro

196 524 361 578 Quique
395 539 471 565 suo
504 524 716 579 Phrygias
750 540 925 579 corpore
958 526 1088 567 ferret
1122 540 1242 581 opes,

135 580 281 623 Classe
313 582 501 635 virisque
534 586 706 638 potens,
744 598 819 637 per
851 599 957 637 quae
990 584 1081 625 fera
1112 585 1224 625 bella
1258 589 1481 640 geruntur:

83 652 115 675 60
196 640 273 694 (Et
306 641 501 694 sequitur
532 641 654 696 regni
686 656 784 695 pars
819 646 951 695 quota
984 657 1192 697 quemque
1226 644 1340 700 311119)

135 699 215 739 Η13
249 713 328 754 ego
362 702 403 740 te
436 699 614 752 victam,
646 715 822 741 consors
854 700 1022 742 Ledaea
1054 701 1266 756 gemellis,

195 757 416 812 Suspicor,
446 758 551 799 haec
583 758 746 799 Danais
778 773 904 813 posse
936 774 1090 801 nocere
1121 763 1239 814 puto.

132 815 323 857 Hectora
353 816 498 857 nescio
533 832 659 871 quem
691 817 841 858 timeo:
873 817 994 858 Paris
1026 817 1216 859 Hectora
1249 819 1355 860 dixit

192 874 348 915 Ferrea
381 875 615 930 sanguinea
646 875 759 916 bella
791 890 960 917 movere
993 891 1140 931 manu,

80 942 112 967 65
132 932 341 987 Hectora,
373 933 565 987 quisquis
598 934 634 974 is
668 937 750 988 est,
783 935 818 975 si
851 949 945 975 sum
978 935 1058 975 tibi
1091 950 1206 991 cara,
1239 940 1406 978 caveto:

195 990 422 1046 Signatum
454 992 633 1033 memori
664 995 837 1046 pectore
868 1007 1026 1033 nomen
1057 993 1184 1035 habe!

132 1049 258 1091 Hunc
290 1050 365 1090 ubi
396 1050 566 1104 vitaris,
599 1050 705 1091 alios
737 1051 872 1091 vitare
905 1055 1120 1093 memento

190 1108 249 1148 Et
280 1109 439 1149 multos
470 1109 560 1149 illic
592 1108 803 1150 Hectoras
836 1124 927 1150 esse
959 1113 1065 1164 puta

131 1166 190 1207 Et
222 1166 373 1221 facito,
404 1170 452 1207 ut
484 1167 617 1219 dicas,
650 1167 847 1221 quotiens
880 1182 1072 1222 pugnare
1104 1169 1294 1223 parabis:

82 1235 114 1259 50
193 1224 387 1266 ‘Parcere
420 1240 486 1266 me
518 1225 645 1266 iussit
676 1225 913 1267 Laudamia
945 1225 1055 1266 sibi.9

138 1281 183 1324 Si
216 1284 363 1324 cadere
395 1283 602 1338 Argolico
635 1283 700 1324 fas
734 1287 799 1324 est
832 1285 909 1324 sub
942 1284 1079 1325 milite
1111 1285 1302 1339 Troiam,

192 1341 250 1382 Te
283 1356 452 1395 quoque
484 1356 572 1382 11011
603 1342 740 1383 ullum
772 1343 926 1383 vulnus
958 1343 1143 1384 habente
1177 1345 1316 1385 cadat!

132 1399 301 1455 Pugnet
333 1403 375 1440 et
408 1401 607 1441 adversos
640 1401 789 1441 tendat
820 1400 1039 1443 Menelaus
1071 1402 1117 1442 in
1147 1402 1303 1443 hostis:

169 1457 280 1509 &Ut
305 1459 446 1513 rapiat
478 1459 641 1513 Paridi,
674 1474 780 1512 quae
813 1459 934 1500 Paris
966 1460 1060 1514 ipsa
1093 1460 1192 1500 sibi!

80 1516 281 1557 751nruat
315 1520 356 1558 et
389 1532 517 1558 causa
549 1532 675 1570 quem
708 1517 829 1572 vicit,
860 1518 1003 1559 vincat
1030 1521 1072 1559 et
1104 1518 1307 1570 armis:]*

190 1574 403 1616 Hostibus
431 1590 452 1616 e
485 1575 635 1616 mediis
667 1579 802 1630 nupta
833 1577 1016 1630 petenda
1047 1576 1194 1617 virost.

133 1632 271 1675 Causa
302 1636 421 1674 tuast
453 1634 592 1688 dipar:
625 1637 671 1674 tu
704 1637 874 1675 tantum
905 1634 1045 1675 Vivere
1076 1649 1222 1690 pugna

190 1691 323 1745 Inque
354 1692 451 1746 pius
484 1692 680 1732 dominae
712 1706 838 1746 posse
870 1692 1006 1733 redire
1040 1693 1175 1734 sinus!

130 1749 317 1804 Parcite,
348 1750 638 1804 Dardanidae,
670 1751 719 1790 de
752 1754 835 1805 tot,
867 1766 1035 1806 precor,
1066 1752 1264 1794 hostibus
1296 1754 1388 1808 uni,

77 1818 111 1843 80
189 1807 254 1848 Ne
287 1823 406 1849 meus
439 1824 489 1849 ex
520 1809 595 1849 illo
629 1823 804 1862 corpore
838 1810 1012 1864 sanguis
1045 1811 1133 1851 eat!

130 1865 230 1906 Non
262 1870 338 1920 est,
371 1881 496 1920 quem
529 1867 675 1908 deceat
705 1868 819 1908 nudo
854 1882 1104 1909 concurrere
1136 1868 1248 1910 ferro

191 1923 407 1978 Saevaque
439 1925 485 1965 in
517 1926 738 1980 oppositos
770 1929 947 1980 pectora
977 1926 1087 1967 ferre
1119 1927 1251 1981 viros,

130 1982 305 2023 Fortius
336 1984 408 2023 1110
439 1986 584 2038 potest
616 1984 770 2038 multo,
803 1999 931 2038 quam
961 1988 1144 2039 pugnat,
1177 2000 1335 2027 amare:

188 2040 309 2081 Bella
342 2046 492 2095 gerant
525 2042 615 2097 alii,
646 2042 911 2084 Protesilaus
945 2044 1076 2084 amet!

77 2108 110 2134 85
129 2097 255 2140 Nunc
287 2099 440 2140 fateor:
473 2100 589 2141 volui
621 2115 837 2155 revocare,
870 2101 1119 2155 animusque
1151 2101 1333 2158 ferebat,

190 2156 394 2197 Substitit
427 2159 607 2211 auspicii
639 2159 787 2214 lingua
818 2159 972 2200 timore
1006 2160 1117 2201 mali.

131 2213 238 2256 Cum
270 2215 435 2255 foribus
468 2216 597 2257 velles
630 2218 682 2258 ad
714 2218 886 2259 Troiam
919 2218 1032 2259 exire
1063 2219 1273 2273 paternis,

186 2274 268 2314 Pes
301 2277 400 2314 tuus
434 2274 594 2314 offenso
626 2275 772 2316 limine
807 2276 930 2331 signa
962 2276 1094 2331 dedit,

127 2330 187 2372 Ut
219 2332 324 2386 vidi,
354 2331 546 2386 ingemui
577 2333 794 2386 tacitoque
820 2334 865 2374 in
895 2338 1067 2388 pectore
1099 2335 1203 2375 dixi:

1674 240 1688 302 ..ρ

1675 316 1685 454 rar..-
