1690 2656
226 151 309 192 118
748 150 1042 185 HEROIDES.

169 257 204 282 45
225 244 396 287 Semina
427 249 648 300 praeterea
679 245 860 299 populos
896 245 1093 300 genitura
1124 245 1283 287 iuberis

284 304 492 358 Spargere
525 304 678 344 devota
708 303 797 344 lata
829 318 905 357 per
938 319 1038 345 arva
1069 318 1215 358 manu,

224 362 305 411 Qui
336 365 530 416 peterent
561 362 674 403 natis
709 376 853 403 secum
885 365 960 402 tua
992 376 1171 416 corpora
1204 362 1318 403 telis:

284 421 405 461 illast
436 420 649 475 agricolae
682 420 832 461 messis
864 420 1012 474 iniqua
1044 435 1139 475 suo3

222 479 405 520 Lumina
437 479 626 519 custodis
659 479 933 520 succumbere
965 479 1109 520 nescia
1141 493 1290 520 somno

282 536 470 578 Ultimus
503 540 567 578 est
601 537 744 591 aliqua
777 537 968 591 decipere
1002 541 1091 578 arte
1123 537 1256 578 labor.

222 595 401 636 Dixerat
432 595 606 636 Aeetes:
639 595 791 636 maesti
825 596 1084 650 consurgitis
1119 610 1284 650 omnes,

281 653 512 707 Mensaque
544 668 781 708 purpureos
815 654 972 694 deserit
1006 654 1093 695 alta
1125 657 1255 695 toros.

224 712 474 760 Qua-m'tibi
506 715 608 753 tunc
639 712 766 767 longe
799 726 980 767 regnum
1013 712 1154 753 dotale
1188 711 1370 754 Creusae

280 770 339 811 Et
372 785 492 812 socer
524 774 566 811 et
598 771 744 826 magni
775 773 877 811 nata
910 769 1107 811 Creontis
1141 772 1260 812 erat‘?

168 839 202 865 55
222 828 375 869 Tristis
409 829 521 884 abis3
554 829 687 870 oculis
722 829 949 870 abeuntem
980 843 1216 883 prosequor
1247 830 1360 883 udis,

280 887 338 928 Et
371 887 479 928 dixit
510 887 629 928 tenui
662 902 877 928 murmure
909 888 1058 942 lingua
1091 887 1232 928 ‘valel’

220 943 282 986 Ut
313 946 504 999 positum
536 946 662 1000 tetigi
694 946 885 987 thalamo
918 946 1027 986 male
1061 946 1203 986 saucia
1234 946 1393 987 lectum

279 1003 434 1045 Actast
465 1019 540 1058 per
571 1004 769 1045 lacrimas
801 1019 887 1045 nox
918 1004 1041 1052 mihi,
1075 1007 1234 1058 quanta
1265 1004 1365 1045 fuit:

221 1062 334 1103 Ante
368 1062 513 1104 oeulos
546 1062 741 1116 taurique
774 1077 890 1103 meos
925 1066 1173 1117 segetesque
1205 1062 1429 1115 nefandae,

281 1120 394 1162 Ante
427 1135 544 1161 meos
578 1121 723 1162 oculos
755 1121 936 1176 pervigil
970 1121 1121 1175 anguis
1155 1124 1262 1175 erat3

168 549 203 574 50

169 1132 203 1158 60

220 1178 333 1220 Hinc
360 1193 490 1233 amor,
515 1179 614 1220 hinc
641 1179 771 1220 timor
797 1183 879 1234 est3
904 1179 1045 1232 ipsum
1066 1179 1196 1219 timor
1217 1182 1345 1234 auget
1367 1194 1566 1221 amorem.

280 1237 405 1278 Mane
439 1240 547 1290 erat,
580 1241 622 1278 et
654 1237 844 1278 thalamo
879 1252 975 1278 cara
1007 1241 1177 1291 recepta
1211 1252 1332 1278 soror

221 1294 539 1349 Disiectamque
572 1310 715 1337 eomas
750 1296 1007 1349 adversaque
1038 1295 1084 1336 in
1116 1311 1189 1336 ora
1220 1296 1431 1337 iacentem

280 1354 450 1395 Invenit
482 1357 525 1395 613
555 1354 742 1395 lacrimis
776 1354 919 1395 omnia
950 1354 1075 1408 plena
1107 1354 1224 1395 meis.

168 1425 202 1450 65
222 1411 326 1453 Orat
359 1427 483 1467 opem
514 1412 672 1467 Minyis
705 1412 831 1467 (alter
863 1412 989 1467 petit7
1022 1413 1129 1453 alter
1160 1411 1373 1466 habebit):

281 1472 469 1512 Aesonio
500 1471 662 1525 iuveni,
694 1472 807 1524 quod
837 1474 964 1525 rogat
995 1471 1088 1525 illa,
1121 1471 1281 1511 damus.

221 1530 302 1570 Est
333 1538 483 1570 nemus
517 1532 558 1570 et
591 1529 722 1583 piceis
756 1532 798 1570 et
829 1529 1052 1570 frondibus
1085 1529 1194 1570 ilicis
1228 1532 1388 1583 atrum,

280 1587 365 1629 Vix
395 1588 497 1629 illuc
528 1588 658 1628 radiis
692 1587 794 1628 solis
828 1588 940 1628 adire
973 1587 1092 1641 licet3

223 1645 332 1687 Sunt
364 1647 408 1686 in
439 1661 488 1687 eo
523 1646 710 1697 (fuerant
742 1644 874 1699 certe)
907 1645 1083 1686 delubra
1115 1645 1296 1699 Dianae,

169 1717 203 1742 το
282 1705 424 1746 Aurea
455 1704 679 1745 barbarica
711 1707 798 1744 stat
830 1704 906 1744 dea
938 1704 1053 1744 faeta
1085 1719 1229 1744 manu:

223 1762 428 1819 (Noscis‘?
462 1777 515 1803 an
547 1762 793 1803 exciderunt
825 1777 992 1803 meeum
1023 1762 1166 1814 loca?)
1197 1762 1391 1803 venimus
1423 1762 1542 1804 illuc·

282 1821 413 1862 Orsus
447 1836 488 1862 es
521 1821 652 1861 infido
686 1821 746 1862 sic
778 1820 896 1875 prior
929 1835 999 1861 ore
1031 1820 1167 1874 loqui:

223 1880 309 1920 ‘Ius
342 1880 424 1920 tibi
457 1882 498 1920 et
530 1879 757 1920 arbitrium
787 1882 959 1919 nostiae
992 1879 1166 1919 fmtuna
1199 1879 1350 1920 salutis

281 1938 492 1992 Tradidit,
522 1938 649 1991 inque
682 1940 799 1978 tuast
832 1938 1004 1990 vitaque
1036 1952 1235 1991 meisque
1267 1952 1406 1978 manu.

169 2008 203 2033 75
222 1995 402 2036 Perdere
434 2011 559 2050 posse
593 1998 659 2036 sat
692 1998 774 2050 est,
807 1996 972 2049 siquem
1003 1995 1120 2036 iuvet
1151 1996 1243 2049 ipsa
1265 1984 1486 2050 ‘potestasz

283 2053 365 2095 Sed
396 2054 475 2095 tibi
509 2057 702 2095 servatus
736 2029 872 2108 gloria
904 2054 1041 2094 maior
1073 2068 1155 2094 ero.

221 2112 303 2153 Per
335 2112 446 2152 mala
477 2116 627 2153 nostra
656 2126 823 2166 precor,
864 2126 1044 2165 quorum
1076 2115 1198 2166 potes
1232 2126 1322 2153 esse
1355 2112 1564 2166 levamen,

281 2170 362 2211 Per
395 2185 526 2224 genus
559 2174 601 2211 et
632 2185 790 2211 numen
822 2174 975 2211 cuncta
1006 2170 1188 2211 videntis
1222 2170 1308 2224 avi,

222 2228 303 2269 Per
335 2228 516 2281 triplicis
550 2228 692 2269 vultus
726 2243 962 2282 arcanaque
997 2243 1116 2269 sacra
1148 2228 1312 2269 Dianae

281 2287 339 2327 Et
372 2286 407 2327 si
440 2286 550 2326 forte
583 2287 747 2339 aliquos
781 2301 883 2341 gens
916 2287 1046 2327 habet
1078 2287 1163 2327 ista
1194 2287 1313 2340 (1605,

224 2344 256 2385 Ο
290 2344 428 2399 virgo,
460 2344 659 2385 miserere
692 2345 793 2398 11161,
826 2345 1025 2386 miserere
1058 2359 1270 2399 meorum3

170 2299 203 2323 80

1671 2411 1673 2413 ·
1672 2374 1675 2378 *
1668 2228 1685 2365 rm-‘Qss-
1671 2209 1684 2218 .'
1681 2192 1686 2200 ἴ
