1690 2656
233 119 286 160 68
784 119 1023 154 AMORUM

230 214 325 256 Illic
356 229 434 256 nec
465 214 655 256 tunicam
687 214 767 255 tibi
801 215 857 255 sit
887 214 1082 268 posuisse
1113 215 1266 268 pudori

289 272 380 314 Nec
411 272 563 314 femori
595 273 832 326 inpositum
863 272 1118 313 sustinuisse
1151 272 1307 327 femur,

230 331 324 372 Illic
355 331 581 385 purpureis
615 331 823 371 condatur
854 330 1002 385 lingua
1032 330 1220 385 labellis,

290 389 425 443 Inque
457 389 606 430 modos
638 387 850 430 Venerem
882 389 998 430 mille
1029 389 1186 444 figuret
1219 404 1356 444 amor3

177 459 211 485 25
230 447 323 489 Illic
354 462 431 488 nec
463 461 588 488 voces
613 461 690 488 nec
722 448 852 488 verba
882 447 1075 488 iuvantia
1106 451 1293 502 cessent,

291 505 545 560 Spondaque
577 505 737 546 lasciva
768 505 1010 547 mobilitate
1042 507 1214 546 tremat!

229 564 361 605 Indue
394 578 491 605 cum
523 563 680 605 tunicis
714 567 976 605 metuentem
1008 564 1186 605 crimina
1217 564 1402 617 vultum,

288 622 345 662 Et
377 622 514 676 pudor
547 622 778 663 obscenum
809 622 1044 663 diffiteatur
1076 636 1200 677 opus3

229 680 297 721 Da
326 680 504 735 populo,
537 681 589 721 da
620 681 750 722 verba
782 681 905 735 mihi,
937 681 1045 735 sine,
1076 680 1243 721 nescius
1277 694 1431 734 errem,

176 750 210 775 30
288 739 346 780 Et
378 739 505 780 liceat
538 740 671 780 stulta
703 739 954 780 credulitate
989 738 1089 779 frui!

230 795 315 838 Cur
347 797 506 838 totiens
537 797 659 838 video
692 797 809 838 mitti
834 797 1048 851 recipique
1080 796 1290 838 tabellas?

288 854 374 896 Cur
404 870 576 909 pressus
607 856 725 910 prior
750 859 815 897 est
845 856 1108 909 interiorque
1139 855 1289 896 torus?

229 912 314 955 Cur
345 913 441 968 plus
475 929 602 968 quam
635 929 785 955 somno
818 914 1015 954 turbatos
1049 928 1140 954 esse
1172 913 1349 967 capillos

288 972 492 1026 Collaque
526 972 741 1026 conspicio
775 972 912 1012 dentis
944 972 1102 1012 habere
1133 972 1312 1012 notam?

174 1041 207 1066 35
228 1030 413 1071 Tantum
444 1045 532 1071 non
564 1031 710 1071 oculos
743 1030 903 1071 crimen
935 1030 1106 1071 deducis
1140 1030 1191 1071 ad
1222 1030 1359 1084 ipsos3

287 1087 331 1129 Si
364 1089 534 1130 dubitas
566 1089 705 1129 famae
736 1103 928 1143 parcere,
959 1103 1084 1142 parce
1116 1088 1238 1129 mihi!

226 1146 347 1187 Mens
380 1147 470 1187 abit
502 1150 545 1188 et
576 1147 754 1201 morior,
786 1147 982 1200 quotiens
1015 1161 1212 1200 peccasse
1244 1146 1411 1201 fateris,

284 1205 450 1259 Perque
482 1219 600 1246 meos
634 1208 751 1246 artus
784 1205 942 1260 frigida
974 1207 1099 1260 gutta
1129 1205 1236 1245 fluit.

228 1263 363 1315 [Tunc
402 1278 516 1317 amo,
553 1266 655 1304 tunc
688 1263 757 1304 odi
789 1263 966 1317 frustra,
1005 1263 1118 1316 quod
1156 1277 1298 1304 amare
1335 1267 1568 1319 necessest,

172 1333 207 1358 4ο
285 1321 404 1362 Τ11110
436 1336 535 1376 ego,
567 1322 639 1362 sed
671 1324 831 1376 tecum,
862 1325 1057 1362 mortuus
1091 1335 1182 1362 esse
1213 1321 1370 1373 velim]

226 1379 301 1420 Nil
333 1379 528 1433 equidem
559 1380 791 1433 inquiram:
822 1394 918 1434 nec,
950 1394 1056 1434 quae
1089 1380 1223 1421 celare
1255 1379 1446 1434 parabis,

285 1438 510 1492 Insequar,
541 1442 583 1479 et
614 1438 705 1479 falli
737 1438 924 1479 muneris
955 1438 1092 1479 instar
1124 1438 1221 1492 erit,

229 1495 274 1537 Si
306 1499 451 1537 tamen
481 1497 527 1537 in
557 1497 697 1537 media
728 1497 934 1551 deprensa
965 1496 1163 1537 tenebere
1197 1496 1339 1551 culpa,

285 1555 344 1595 Et
376 1555 535 1595 fuerint
568 1555 701 1596 oculis
733 1555 891 1609 probra
923 1554 1102 1595 videnda
1133 1554 1257 1609 meis,

172 1625 206 1650 45
227 1612 343 1661 Quae
375 1613 483 1654 bene
515 1613 606 1654 visa
637 1613 743 1654 mihi
774 1613 951 1667 fuerint,
981 1613 1087 1653 bene
1119 1612 1211 1653 visa
1241 1615 1416 1668 negato:

286 1670 529 1712 Concedent
560 1672 701 1712 verbis
732 1671 896 1712 lumina
925 1674 1074 1712 nostra
1104 1671 1202 1711 tuis.

225 1728 366 1770 Prona
398 1730 480 1770 tibi
511 1730 623 1770 vinci
655 1730 896 1783 cupientem
927 1729 1094 1770 vincere
1126 1729 1330 1784 palmast,

287 1788 353 1829 Sit
384 1788 511 1829 modo
545 1788 647 1829 ‘non
676 1787 773 1829 feci'
808 1788 945 1829 dicere
976 1788 1124 1842 lingua
1154 1802 1334 1828 memor:

227 1844 335 1886 Cum
366 1846 447 1887 tibi
480 1846 703 1901 contingat
734 1846 875 1887 verbis
909 1860 1106 1900 superare
1140 1846 1323 1900 duobus,

173 1914 207 1940 50
284 1904 381 1945 Etsi
411 1919 499 1945 non
530 1920 676 1960 causa,
705 1904 843 1946 iudice
874 1905 994 1946 vince
1027 1905 1119 1945 tuo!

122 2023 198 2059 XV.
226 2019 388 2068 Quaere
419 2035 579 2062 novum
610 2024 770 2076 vatem,
801 2024 1046 2062 tenerorum
1078 2023 1214 2062 mater
1244 2020 1471 2062 Amorum:

284 2078 465 2119 Raditur
495 2080 565 2120 hic
598 2080 728 2135 elegis
760 2080 914 2120 ultima
945 2083 1059 2120 meta
1091 2079 1214 2134 meis3

227 2135 342 2184 Quos
375 2151 454 2191 ego
488 2138 711 2192 conposui,
742 2138 938 2192 Paeligni
969 2137 1080 2178 ruris
1113 2137 1327 2192 alumnus,

286 2193 395 2243 (Nec
427 2210 493 2235 me
527 2196 700 2237 deliciae
734 2197 960 2237 dedecuere
993 2195 1130 2249 meae)

190 2264 206 2289 5
230 2251 378 2306 Siquid
409 2253 452 2294 id
484 2256 567 2307 est,
598 2268 731 2307 usque
764 2270 787 2295 a
818 2254 988 2309 proavis
1021 2258 1142 2295 vetus
1176 2254 1334 2295 ordinis
1365 2254 1505 2308 heres,

284 2310 385 2351 Non
416 2311 542 2352 modo
574 2312 752 2353 militiae
784 2313 954 2353 turbine
985 2312 1124 2354 factus
1156 2327 1293 2367 eques.
