1674 2662
588 151 866 187 PRAEFATIO.
1278 149 1396 183 XXIX

63 250 148 292 202
177 247 373 305 (ruboris)
391 249 565 302 pudoris
590 247 713 289 Bern.
742 251 783 288 et
811 247 882 288 alii
909 246 959 288 cf.
987 244 1030 287 C.
1057 245 1235 299 Dilthey
1262 245 1350 285 obs.
1376 243 1395 284 I

62 323 102 361 p.
148 308 212 348 14.
274 308 360 348 204
403 305 543 362 (facis)
585 308 688 358 facit
730 305 866 346 Guelf.
911 304 977 346 III
1021 302 1297 358 Heusinger-i,
1346 301 1395 342 R.

63 365 258 420 Bentley,
288 364 332 405 P.
366 365 649 418 Burmannus,
679 364 728 405 D.
755 364 793 405 J.
820 378 902 405 van
927 362 1112 416 Lennep,
1143 360 1187 402 C.
1219 360 1396 414 Dilthey

65 423 116 465 cf.
147 423 227 464 XX
259 421 399 479 (XXI)
432 424 498 465 93.
549 423 632 464 219
666 422 829 463 mutavi
860 420 1260 475 interpunctionem.
1312 420 1394 459 221

64 481 263 535 (Coryciis
282 501 336 515 =
359 480 415 534 G)
449 480 658 522 Carthaeis
689 480 740 521 D.
771 480 809 520 J.
842 494 925 520 van
955 478 1127 532 Lennep
1166 478 1259 519 coll.
1298 479 1397 517 met.

64 539 116 594 X,
138 541 231 581 109.
261 539 360 594 VII,
379 540 462 581 368
484 542 526 580 et
545 538 620 579 Ph.
641 538 890 593 Buttmann,
909 536 1146 592 Mytholog.
1166 535 1223 591 Π,
1241 551 1279 590 p.
1303 535 1396 576 120.

65 599 150 640 242
182 596 290 653 (tibi)
321 598 398 640 sibi
427 596 479 638 N.
512 596 725 638 Heinsius.

685 701 774 742 XX.

183 773 533 815 Littera-meis
574 770 700 812 Goth.
738 770 782 811 II
827 769 1029 825 (Vindob.
1067 767 1152 824 ΠΙ)
1196 770 1238 808 et
1281 765 1398 807 codd.

68 831 240 885 quidam
266 830 318 872 N.
344 829 512 871 Heinsii
545 830 595 871 cf.
619 829 657 870 J.
684 829 853 869 Vahlen
883 829 908 868 l.
934 828 959 868 l.
985 843 1023 882 p.
1045 828 1111 869 28.
1162 827 1187 867 3
1220 824 1316 880 (Ut)
1342 824 1402 864 Et

69 889 106 930 G
131 889 254 930 Bern.
304 887 464 929 Versus
494 888 591 928 inde
625 902 648 928 a
679 887 807 928 tertio
841 886 1002 927 decimo
1035 899 1168 938 usque
1195 883 1248 924 ad
1271 883 1399 923 finem

67 947 259 989 recensui
301 945 469 987 omissis
511 945 649 986 solum
689 944 1069 998 interpolationum
1108 942 1224 983 notis
1265 942 1315 981 11
1340 954 1398 992 sq.

71 1006 154 1048 135
181 1019 240 1059 sq.
304 1004 554 1046 143—150
586 1003 817 1044 secundum
856 1000 899 1043 C.
925 1000 1120 1055 Diltheyi
1152 999 1400 1051 editionem,

68 1078 215 1105 versus
250 1063 471 1105 13-144
511 1061 557 1102 in
586 1061 733 1115 paucis
766 1060 983 1102 codicibus
1015 1057 1324 1101 recentioribus
1358 1059 1400 1096 et

70 1121 329 1163 editionibus
362 1120 518 1162 saeculi
550 1119 631 1160 XV
663 1122 844 1173 exstant,
875 1132 1021 1159 versus
1063 1118 1146 1158 144
1182 1129 1317 1169 usque
1350 1114 1402 1155 ad

69 1181 198 1221 finem
229 1180 273 1220 in
304 1193 388 1219 uno
419 1177 723 1232 Laurentiano,
754 1178 803 1218 de
836 1191 919 1230 quo
952 1175 1097 1217 confer
1120 1174 1173 1216 H.
1201 1173 1260 1215 St.
1289 1171 1402 1214 Sedl-

70 1253 216 1292 mayer
248 1238 355 1278 stud.
387 1236 570 1277 Vindob.
603 1236 670 1277 ΠΙ
701 1251 739 1290 p.
775 1236 856 1277 158
885 1249 943 1288 sq.
953 1268 962 1289 ,
993 1237 1035 1275 et
1065 1234 1112 1274 in
1143 1231 1401 1274 editionibus

70 1296 297 1338 veteribus.
368 1296 417 1336 17
463 1293 576 1350 (huc)
621 1295 744 1335 Nunc
783 1293 900 1335 codd.
968 1294 1021 1334 21
1067 1290 1231 1332 mutavi
1276 1289 1402 1330 inter-

71 1354 356 1409 punctionem.
413 1353 469 1394 24
506 1351 652 1408 (dicta)
690 1353 785 1404 ficta
817 1351 933 1392 codd.
989 1351 1045 1391 26
1077 1347 1250 1405 (coepta)
1282 1350 1400 1388 cauta

73 1413 190 1455 codd.
250 1412 305 1453 49
344 1410 399 1466 (et
434 1409 553 1466 alter)
592 1414 636 1451 at
669 1411 771 1451 alter
800 1409 850 1450 R..
883 1409 1074 1461 Bentley.
1127 1407 1208 1448 106
1240 1404 1403 1446 mutavi

71 1469 460 1525 interpunctionem
484 1469 672 1523 itemque
697 1483 733 1508 v.
754 1469 821 1509 28.
840 1468 906 1510 40.
928 1468 996 1508 42.
1018 1467 1084 1507 63.
1105 1489 1154 1494 --
1181 1465 1262 1506 126
1285 1465 1404 1515 [vices

75 1528 118 1570 C.
150 1529 343 1582 Dilthey3
385 1527 500 1569 codd.
539 1530 582 1568 et
622 1527 727 1567 edd:
763 1527 900 1577 faces]
968 1525 1046 1566 137
1080 1523 1200 1564 uncis
1231 1520 1404 1574 inclusi,

75 1586 118 1629 C.
144 1587 320 1639 Dilthey
345 1601 381 1627 v.
412 1587 492 1627 135
515 1600 574 1639 sq.
607 1584 775 1639 spurios
808 1598 898 1624 esse
930 1586 1065 1637 putat.
1119 1582 1200 1623 146
1227 1578 1403 1636 (divitis)

73 1646 222 1687 ditzbus
260 1643 312 1685 N.
351 1643 553 1685 Heinsius
594 1647 636 1684 et
678 1642 729 1683 D.
767 1642 990 1683 Ruhnken.
1056 1640 1136 1681 149
1179 1637 1291 1695 (hac)
1334 1638 1406 1679 hoc

74 1703 123 1745 R.
155 1703 346 1756 Bentley.
410 1704 490 1744 158
531 1700 585 1757 (e)
618 1700 785 1755 scripsi:
817 1715 853 1741 a.
918 1700 999 1741 159
1038 1697 1245 1752 (confusa;
1279 1697 1337 1750 cj..
1361 1693 1404 1737 C.

74 1759 270 1816 Dilthey)
296 1761 437 1812 infusa
454 1760 488 1801 L
516 1763 558 1801 et
584 1760 671 1800 edd.
701 1759 887 1811 [resumit
911 1756 954 1799 C.
972 1756 1166 1810 Dilthey3
1191 1757 1408 1807 resumunt

72 1820 107 1861 L
124 1820 230 1871 edd]
268 1819 347 1859 167
362 1833 421 1872 sq.
443 1818 644 1859 suadente
661 1816 708 1859 G.
723 1816 949 1871 Meynckio
971 1815 1082 1870 apud
1096 1814 1139 1856 C.
1154 1813 1406 1866 Diltheyum

74 1877 199 1932 posui
243 1879 340 1917 ante
388 1876 480 1917 165.
543 1874 638 1930 (sua
673 1873 878 1929 deductas)
914 1887 1012 1916 suas
1049 1874 1095 1914 de
1129 1873 1248 1914 ducta
1281 1870 1320 1912 J.
1352 1869 1404 1910 H.

75 1935 250 1976 Withof
286 1934 394 1975 Krit.
432 1934 556 1975 Anm.
594 1932 657 1974 IV
698 1948 736 1986 p.
776 1934 841 1974 81.
902 1945 999 1974 suas
1040 1931 1208 1972 deducta
1241 1928 1276 1970 L
1317 1928 1405 1969 edd.

78 1995 159 2035 169
197 1992 443 2047 interpunxi
473 1995 522 2032 ut
554 2006 632 2032 am.
665 1990 748 2045 III,
781 1992 820 2044 6,
854 1991 945 2030 101.
1010 1990 1091 2030 188
1124 1985 1281 2043 (sacra)
1313 1988 1405 2028 diva

75 2052 110 2093 L
144 2051 233 2092 edd.
285 2052 366 2092 193
405 2048 470 2104 (cle
505 2048 585 2104 me)
623 2050 669 2090 de
706 2053 740 2090 te
770 2048 822 2089 N.
854 2047 1068 2088 Heinsius.
1116 2047 1197 2087 196
1224 2044 1406 2101 (accipit)

76 2111 258 2152 admovet
288 2107 332 2149 C.
362 2108 540 2162 Dilthey
579 2107 666 2148 obs.
698 2106 719 2147 I
749 2122 788 2160 p.
821 2107 887 2147 22.
949 2106 1033 2147 203
1072 2103 1170 2159 (ista
1205 2102 1406 2157 voluptas)

77 2170 168 2221 ipsa
193 2165 427 2220 ODflthey
452 2166 497 2206 in
523 2166 663 2206 adnot.
690 2164 780 2206 crit.
824 2164 1010 2205 voluntas
1027 2162 1066 2204 J.
1087 2162 1132 2204 F.
1152 2161 1407 2217 Heusinger,

78 2225 130 2267 D.
160 2224 199 2267 J.
231 2239 314 2266 van
342 2224 534 2278 Lennep,
564 2223 615 2264 D.
648 2222 871 2263 Ruhnken.
933 2222 1017 2263 205
1049 2220 1104 2276 (si
1133 2221 1235 2262 mihi
1266 2221 1407 2273 linqua

76 2281 198 2337 foret)
225 2282 391 2337 scripsi:
420 2282 478 2323 Ei
502 2282 627 2322 mihi!
654 2281 794 2334 linqua
819 2280 937 2321 labat.
987 2281 1072 2321 214
1097 2277 1286 2334 (mayna)
1311 2279 1407 2319 bina

78 2341 113 2382 L
147 2341 235 2382 edd.
297 2340 399 2395 (217
438 2338 575 2395 misto)
613 2340 695 2380 227
735 2337 895 2394 (prout)
933 2340 1037 2390 quod
1065 2342 1101 2379 et
1129 2336 1179 2378 R.
1211 2336 1405 2390 Bentley.
