1674 2662
503 175 616 211 MED.
643 175 742 211 FAC.
768 175 877 211 FEM.
904 185 1011 211 1—67.

92 272 173 313 Est
205 271 333 313 etiam
365 271 574 326 placuisse
607 271 689 312 sibi
721 285 1009 324 quaecumque
1040 270 1258 325 voluptas:

150 329 402 384 Virginibus
436 329 552 370 cordi
585 332 789 383 grataque
820 329 959 370 forma
990 332 1128 384 suast3

91 387 305 429 Laudatas
336 387 500 429 homini
531 387 715 428 volucris
748 386 929 427 Iunonia
958 401 1118 441 pennas

151 446 369 501 Explicat,
401 448 443 486 et
473 445 612 486 forma
642 447 762 486 muta
793 445 984 499 superbit
1017 445 1117 486 avis.

41 514 73 538 35
94 502 163 544 Sic
193 504 337 557 potius
369 517 444 545 vos
476 506 601 557 urget
634 517 753 544 amor
784 517 911 557 qua-m
941 503 1124 544 fortibus
1155 503 1318 557 herbis,

152 560 264 610 Quas
296 576 422 616 maga
453 561 865 602 terribili‘subsecat
897 564 986 602 arte
1018 576 1187 615 manus3

91 618 181 660 Nec
213 634 288 661 vos
322 619 587 674 graminibus
618 633 695 660 nec
727 619 862 660 mixto
895 619 1051 660 credite
1084 633 1184 660 suco

150 677 239 718 Nec
272 680 479 732 temptate
510 691 667 718 nocens
699 677 814 718 virus
847 677 1030 718 amantis
1063 692 1211 731 equae:

91 735 181 776 Nec
213 735 375 776 mediae
407 735 562 776 Marsis
594 735 812 776 finduntur
844 735 1039 776 cantibus
1073 750 1252 791 angues,

38 803 72 827 40
150 793 240 834 Nec
272 793 382 834 redit
412 793 458 833 in
488 793 628 834 fontes
660 793 773 833 unda
804 794 956 847 supina
987 808 1106 848 suos,

90 851 167 905 Et,
199 852 393 904 quamvis
425 851 579 904 aliquis
611 851 839 892 Temesaea
870 852 1098 892 removerit
1131 867 1245 906 aera,

149 908 396 963 Numquam
426 908 548 949 Luna
579 909 666 949 suis
700 910 937 950 excutietur
969 910 1098 963 equis.

90 966 234 1007 Prima
266 967 322 1007 sit
353 967 399 1007 in
429 966 550 1007 vobis
583 981 750 1007 morum
781 967 935 1021 tutela,
964 968 1147 1021 puellae!

148 1024 326 1079 Ingenio
359 1024 489 1066 facies
522 1024 774 1066 conciliante
805 1025 958 1078 placet.

36 1092 70 1117 45
91 1081 242 1124 Certus
275 1096 393 1123 amor
424 1085 651 1123 morumst:
683 1082 865 1123 formam
895 1083 1172 1137 populabitur
1205 1086 1322 1124 aetas

148 1141 206 1181 Et
237 1141 420 1195 placitus
453 1141 571 1195 rugis
603 1140 746 1181 vultus
780 1144 924 1182 aratus
957 1141 1056 1196 erit,

89 1198 274 1252 Tempus
307 1198 405 1253 erit,
438 1213 520 1251 quo
552 1213 628 1239 vos
663 1199 881 1252 speculum
912 1199 1067 1240 vidisse
1098 1199 1283 1255 pigebit,

147 1257 206 1297 Et.
237 1257 377 1297 veniet
408 1256 527 1311 rugis
561 1256 694 1297 altera
725 1271 852 1297 causa
883 1257 1021 1311 dolor3

91 1313 259 1355 Sufficit
291 1318 333 1355 et
363 1315 541 1369 longum
572 1314 764 1367 probitas
796 1315 997 1368 perdurat
1027 1315 1074 1355 in
1106 1330 1273 1370 aevum,

38 1382 70 1407 50
149 1372 313 1426 Perque
346 1387 446 1413 suos
480 1386 613 1412 annos
644 1372 743 1413 hinc
774 1372 881 1413 bene
911 1373 1068 1426 pendet
1099 1388 1218 1414 amor
1233 1406 1334 1415 .....

89 1430 168 1472 Dic
203 1444 299 1484 age,
331 1445 427 1471 cum
458 1433 627 1471 teneros
661 1444 834 1471 somnus
867 1430 1077 1472 dimiserit
1109 1435 1246 1486 artus,

148 1487 337 1529 Candida
368 1503 450 1543 quo
482 1488 649 1542 possint
682 1502 756 1528 ora
785 1489 920 1529 nitere
950 1489 1089 1530 modo.

89 1546 278 1600 Hordea,
311 1561 417 1600 quae
447 1546 600 1601 Libyci
630 1546 796 1586 ratibus
829 1547 981 1587 misere
1014 1547 1175 1602 coloni,

147 1605 267 1645 Exue
300 1605 349 1645 de
381 1605 503 1658 palea
533 1604 877 1659 tegminibusque
910 1605 1015 1659 suis3

37 1673 71 1698 55
90 1661 173 1703 Par
205 1662 292 1703 ervi
324 1677 522 1703 mensura
553 1662 696 1703 decem
728 1663 927 1704 madefiat
960 1663 1012 1704 ab
1046 1663 1155 1718 ovis,

151 1719 232 1761 Sed
264 1721 480 1761 cumulent
510 1720 642 1761 libras
674 1721 832 1761 hordea
861 1721 975 1762 nuda
1007 1721 1122 1762 duas.

89 1777 206 1819 Haec
238 1778 312 1818 ubi
344 1781 542 1819 ventosas
574 1778 733 1819 fuerint
766 1779 924 1820 siccata
953 1794 1029 1833 per
1061 1794 1205 1835 auras,

147 1835 285 1876 Lenta
314 1836 413 1877 iube
446 1837 595 1877 scabra
626 1836 797 1891 frangat
829 1837 959 1878 asella
989 1837 1120 1892 mola3

90 1894 148 1935 Et
180 1908 286 1947 quae
317 1894 456 1948 prima
488 1894 638 1935 cadent
670 1895 806 1936 vivaci
838 1909 997 1936 cornua
1028 1910 1169 1950 cervo,

37 1963 71 1989 eo
150 1950 330 1993 Contere
361 1952 407 1992 in
437 1952 542 1993 haec
575 1951 719 2005 (solidi
751 1956 870 1993 sexta
900 1953 967 1994 fac
1000 1954 1107 1994 assis
1140 1953 1245 2008 eat),

89 2010 264 2064 Iamque
295 2010 370 2050 ubi
384 2010 623 2075 pulvereae
653 2009 814 2051 fuerint
845 2011 1022 2052 confusa
1051 2011 1232 2066 farinae,

147 2067 349 2109 Protinus
380 2068 615 2109 innumeris
648 2068 789 2108 omnia
821 2083 943 2110 cerne
975 2069 1108 2124 cavis;

90 2126 222 2166 Adice
252 2126 432 2167 narcissi
464 2126 529 2166 bis
562 2140 635 2166 sex
668 2126 756 2166 sine
789 2127 945 2168 cortice
977 2127 1149 2182 bulbos,

151 2182 333 2224 Strenua
365 2197 470 2237 quos
502 2198 609 2238 puro
641 2198 852 2225 marmore
883 2185 1031 2226 dextra
1061 2189 1191 2240 terat,

37 2253 70 2278 65
92 2240 420 2295 Sextantemque
452 2242 597 2282 trahat
629 2242 791 2296 gummi
815 2254 920 2284 'cum
951 2243 1110 2284 semine
1141 2243 1298 2299 Tusc03

147 2299 244 2341 Huc
274 2299 420 2340 novies
452 2302 574 2340 tanto
605 2300 701 2354 plus
733 2300 814 2340 tibi
845 2301 983 2342 mellis
1015 2304 1101 2343 eat:

90 2356 387 2412 Quaecumque
420 2357 578 2399 afficiet
608 2358 686 2398 tali
715 2358 992 2401 medicamine
1023 2359 1208 2414 vultum,

1331 1118 1342 1138 7

1346 176 1425 217 181
