1674 2662
610 160 635 202 Ι,
662 171 718 202 xv,
745 170 835 195 15-
851 159 893 202 II,
920 172 957 202 11,
983 169 1010 193 4.
1426 159 1481 200 23

144 254 286 308 Atque
319 254 473 308 aliquis
505 255 724 309 iuvenum,
757 268 839 308 quo
870 268 984 295 nunc
1016 267 1115 308 ego,
1147 253 1316 294 saucius
1349 268 1449 295 arcu

203 315 425 368 Agnoscat
457 313 653 354 flammae
686 313 856 354 conscia
889 313 1012 367 signa
1044 326 1144 353 suae

144 370 410 425 Miratusque
444 371 515 412 diu
547 371 663 424 ‘quo’
696 371 809 412 dicat
843 370 911 412 eab
943 370 1081 411 indice
1115 370 1264 411 doctus

94 442 126 466 ιο
204 428 441 484 Conposuit
473 444 595 470 casus
628 430 708 470 iste
741 432 869 483 poeta
901 428 1062 470 meos?'

146 488 288 529 Ausus
321 502 456 541 eram,
486 487 680 542 memini,
712 487 911 528 caelestia
944 487 1080 528 dicere
1113 486 1223 527 bella

204 544 588 599 Centimanumque
623 545 793 601 Gygen,
825 544 887 601 (et
920 546 1023 586 satis
1058 545 1141 586 oris
1175 543 1284 599 erat)

146 602 253 645 Cum
284 604 393 645 male
427 619 470 645 se
503 604 645 645 Tellus
678 604 830 657 ultast,
860 604 1112 658 ingestaque
1146 602 1326 657 Olympo

204 662 351 703 Ardua
383 663 587 704 devexum
620 662 770 703 Pelion
804 661 910 703 Ossa
942 662 1061 715 tulit,

97 730 128 756 15
148 720 198 761 In
229 721 426 761 manibus
458 721 628 762 nimbos
662 723 703 761 et
737 735 832 762 eum
863 720 963 762 Iove
995 720 1157 760 fulmen
1188 719 1417 772 habebam,

208 777 329 827 Quod
360 779 466 820 bene
499 793 576 833 pro
610 779 726 820 caelo
758 779 950 820 mitteret
980 778 1051 819 ille
1085 792 1179 832 suo,

147 835 312 877 Clausit
346 837 480 878 amica
512 837 643 878 fores:
677 851 755 892 ego
789 852 885 878 eum
917 837 1016 877 Iove
1049 836 1211 877 fulmen
1244 835 1386 889 omisi,

204 895 376 936 Excidit
406 895 579 950 ingenio
607 895 799 949 Iuppiter
829 895 920 949 ipse
953 909 1059 935 meo.

145 953 356 1007 Iuppiter,
387 953 603 1008 ignoscas:
636 953 697 993 m'l
729 967 794 994 me
826 956 901 994 tua
933 953 1019 994 tela
1049 952 1273 1006 iuvabant,

93 1022 126 1047 20
205 1009 360 1052 Clausa
390 1015 465 1052 tuo
497 1011 634 1052 maius
665 1011 793 1052 ianua
824 1011 986 1052 fulmen
1017 1011 1165 1065 habet,

146 1069 384 1110 Blanditias
417 1070 645 1125 elegosque
676 1069 801 1124 levis,
832 1084 927 1110 mea
957 1070 1061 1124 tela,
1092 1068 1320 1123 resumpsi:

204 1127 452 1169 Mollierunt
485 1129 610 1169 duras
642 1128 753 1169 lenia
785 1128 914 1169 verba
945 1128 1070 1168 fores.

148 1184 348 1227 Carmina
379 1187 637 1241 sanguineae
670 1186 883 1227 deducunt
915 1200 1073 1228 cornua
1105 1186 1249 1240 lunae,

205 1245 263 1285 Et
295 1248 497 1286 revocant
528 1245 675 1285 niveos
710 1243 821 1285 Solis
854 1244 993 1285 euntis
1027 1258 1176 1298 equos,

95 1313 127 1339 25
148 1301 345 1344 Carmine
379 1302 595 1343 dissiliunt
628 1303 820 1356 abruptis
853 1302 1049 1343 faucibus
1083 1316 1261 1356 angues,

205 1360 338 1414 Inque
372 1375 470 1401 suos
502 1360 642 1401 fontes
674 1375 796 1401 versa
827 1360 1007 1402 recurrit
1041 1374 1166 1413 aqua,

147 1417 417 1460 Carminibus
452 1433 614 1460 cessere
645 1418 778 1473 fores,
807 1418 1051 1471 insertaque
1082 1418 1215 1472 posti,

207 1476 409 1525 Quamvis
441 1477 572 1518 robur
605 1480 714 1531 erat,
746 1477 932 1518 carmine
963 1477 1077 1517 victa
1110 1479 1256 1517 serast.

147 1535 257 1584 Quid
289 1535 394 1576 mihi
426 1535 636 1589 profuerit
668 1535 790 1576 velox
823 1538 1020 1576 cantatus
1055 1533 1271 1576 Achilles?

95 1605 128 1630 3⁰
207 1593 317 1642 Quid
348 1607 425 1647 pro
458 1608 524 1635 me
557 1593 729 1634 Atrides
763 1594 870 1634 alter
902 1596 944 1634 et
976 1593 1083 1634 alter
1115 1596 1262 1647 agent,

147 1651 312 1705 Quique
344 1655 411 1693 tot
443 1652 641 1706 errando,
674 1655 778 1705 quot
810 1651 941 1706 bello,
972 1651 1155 1705 perdidit
1188 1664 1340 1704 annos,

206 1710 373 1764 Raptus
407 1713 448 1751 et
478 1709 729 1751 Haemoniis
762 1709 917 1750 flebilis
949 1709 1112 1751 Hector
1145 1709 1292 1763 equis?

147 1768 208 1810 Ut
238 1768 368 1810 facies
401 1771 570 1809 tenerae
602 1767 819 1809 laudatast
852 1782 976 1822 saepe
1008 1767 1192 1822 puellae,

205 1826 273 1867 Ad
303 1830 463 1880 vatem,
493 1826 680 1880 pretium
713 1826 931 1881 carminis,
962 1826 1055 1880 ipsa
1087 1825 1214 1866 venit.

95 1896 128 1921 35
146 1884 305 1939 Magna
337 1885 461 1925 datin·
492 1885 669 1925 merces!
713 1884 891 1925 heroum
924 1884 1037 1925 clara
1068 1883 1205 1924 valete

205 1942 408 1984 Nomina:
440 1956 528 1983 non
559 1945 703 1996 aptast
735 1943 873 1997 gratia
906 1945 1047 1983 vestra
1079 1941 1195 1981 mihi.

147 2000 214 2042 Ad
245 2015 339 2042 mea
369 2001 581 2042 formosos
614 2000 755 2041 vultus
789 2000 1004 2053 adhibete,
1034 1999 1218 2053 puellae,

206 2058 422 2112 Carmina,
452 2073 689 2113 purpureus
724 2073 830 2112 quae
862 2058 967 2098 mihi
1000 2058 1134 2099 dictat
1164 2058 1314 2098 Amor!

78 2178 120 2213 Π.
146 2175 280 2224 Quem
311 2189 440 2229 penes
473 2178 538 2216 est
570 2174 786 2215 dominam
818 2174 1012 2215 servandi
1046 2187 1164 2227 eura,
1196 2173 1360 2228 Bagoe,

204 2233 319 2274 Dum
350 2247 509 2288 perago
542 2235 684 2273 tecum
715 2246 869 2286 pauca,
902 2232 974 2273 sed
1006 2235 1125 2286 apta,
1156 2233 1275 2273 vaca!

145 2291 358 2333 Hesterna
389 2291 475 2332 vidi
508 2290 766 2344 spatiantem
797 2291 888 2331 luce
920 2290 1106 2344 puellam

205 2350 302 2405 Illa,
334 2364 440 2404 quae
473 2348 612 2391 Danai
643 2349 834 2402 porticus
869 2362 1023 2404 agmen
1053 2348 1202 2403 habet,
