1674 2662
665 193 724 236 m,
751 203 911 228 σιτ-720.
1375 191 1461 233 243

0 268 1 344 l
189 287 279 330 Nec
312 288 369 329 sis
402 287 547 328 audita
576 287 736 342 paelice
768 287 922 328 mentis
953 287 1097 341 inops,

0 352 1 370 ³
62 356 112 382 685
131 344 221 387 Nec
253 345 338 387 cito
371 345 613 387 credideris!
646 349 851 399 quantum
885 345 968 387 cito
1001 345 1167 386 credere
1198 345 1358 399 laedat,

189 403 443 458 Exemplum
476 403 596 444 vobis
628 417 714 444 non
745 404 834 444 leve
867 403 1035 445 Procris
1068 403 1158 444 erit.

130 461 211 503 Est
241 476 373 516 prope
405 475 639 516 purpureos
672 461 791 503 collis
824 461 1014 503 florentis
1045 461 1242 516 Hymetti

190 519 304 560 Fons
338 533 456 560 sacer
487 522 529 560 et
560 519 683 560 viridi
716 519 901 573 caespite
934 519 1076 560 mollis
1107 519 1280 560 humus:

133 576 249 618 Silva
279 592 427 618 nemus
459 591 546 617 non
577 577 664 618 alta
694 577 813 630 facit3
845 577 954 632 tegit
986 577 1162 618 arbutus
1194 577 1386 630 herbam;

61 645 113 670 690
192 634 281 676 Ros
313 635 442 676 maris
475 639 516 676 et
548 635 657 676 lauri
687 635 893 690 nigraque
925 638 1089 689 myrtus
1123 635 1255 687 olent3

131 692 220 734 Nec
253 693 429 734 densum
461 693 574 734 foliis
607 693 766 734 buxum
796 693 1053 747 fragilesque
1085 693 1269 747 myricae

190 750 279 792 Nec
311 755 459 792 tenues
493 751 619 804 cytisi
651 751 846 804 cultaque
877 751 1003 805 pinus
1035 751 1173 804 abest3

131 808 319 850 Lenibus
351 809 543 863 inpulsae
575 807 779 863 Zephyris
812 823 996 862 auraque
1030 808 1189 850 salubri

191 867 273 908 Tot
305 881 505 922 generum
536 867 706 907 frondes
739 867 953 921 herbaque
987 881 1151 908 summa
1182 867 1338 907 tremit.

62 934 112 959 695
134 924 266 966 Grata
298 925 416 978 quies
449 923 654 979 Cephalo,
685 924 856 965 famulis
890 925 1148 979 canibusque
1180 925 1340 966 relictis

189 982 347 1023 Lassus
379 982 423 1023 in
453 982 532 1023 hac
563 982 726 1022 iuvenis
759 997 883 1036 saepe
914 982 1071 1023 resedit
1100 983 1251 1037 humo,

131 1039 361 1093 ‘Quae'que
394 1039 525 1081 ‘meos
557 1040 716 1081 releves
748 1039 923 1094 aestus?
955 1043 1126 1082 cantare
1158 1041 1324 1081 solebat

190 1098 465 1152 ‘Accipienda
497 1098 609 1152 sinu,
640 1098 811 1139 mobilis
844 1113 964 1152 aura,
994 1097 1122 1139 venil'

133 1155 338 1210 Coniugis
371 1156 422 1196 ad
453 1156 624 1197 timidas
657 1156 810 1209 aliquis
843 1156 952 1197 male
985 1157 1153 1197 sedulus
1187 1171 1308 1198 aures

62 1224 113 1248 700
189 1213 372 1254 Auditos
405 1213 582 1254 memori
613 1214 781 1254 rettulit
813 1228 884 1254 ore
917 1228 1058 1255 sonos:

131 1271 300 1313 Procris
331 1274 380 1312 ut
413 1271 575 1324 accepit
605 1285 778 1325 nomen,
809 1272 930 1324 quasi
960 1272 1152 1326 paelicis,
1182 1271 1339 1326 Aurae,

190 1329 361 1370 Excidit
392 1332 435 1369 et
466 1329 608 1369 subito
641 1332 759 1370 muta
790 1329 934 1370 dolore
965 1329 1065 1370 fuit:

131 1387 308 1441 Palluit,
338 1389 386 1427 ut
419 1401 534 1428 serae
565 1386 686 1427 lectis
719 1387 767 1427 de
799 1386 884 1428 vite
915 1387 1093 1428 racemis

189 1445 435 1486 Pallescunt
465 1444 654 1499 frondes,
686 1459 789 1498 quas
820 1459 932 1486 nova
961 1445 1086 1486 laesit
1115 1445 1299 1500 hiemps,

63 1513 113 1538 705
134 1504 332 1556 Quaeque
365 1516 464 1543 suos
496 1505 672 1543 curvant
703 1507 870 1543 matura
902 1501 1093 1556 Cydonia
1123 1518 1283 1557 ramos,

192 1560 412 1614 Cornaque
445 1560 580 1602 adhuc
611 1560 770 1601 nostris
801 1575 888 1602 non
920 1560 1024 1601 satis
1057 1564 1157 1614 apta
1188 1561 1305 1603 cibis.

132 1617 193 1660 Ut
223 1619 348 1660 rediit
379 1618 563 1671 animus,
593 1621 741 1660 tenues
774 1633 798 1659 a
828 1622 999 1673 pectore
1030 1621 1168 1659 vestes

190 1676 369 1731 Rumpit
400 1680 443 1718 et
472 1676 668 1731 indignas
701 1676 864 1718 sauciat
893 1691 1035 1731 ungue
1068 1691 1215 1731 genas;

132 1734 221 1776 Nec
254 1748 390 1788 mora,
420 1748 495 1788 per
525 1735 684 1775 medias
714 1735 852 1788 passis
883 1734 1112 1776 furibunda
1143 1734 1307 1789 capillis

64 1802 114 1827 ⁷10
191 1792 367 1846 Evolat,
399 1795 443 1832 ut
475 1792 623 1846 thyrso
656 1793 821 1834 concita
852 1792 1038 1846 Baccha,
1068 1793 1169 1834 vias.

132 1849 192 1891 Ut
222 1864 352 1904 prope
383 1853 650 1904 perventum,
682 1851 858 1891 comites
889 1851 934 1891 in
963 1851 1072 1891 valle
1104 1850 1323 1905 relinquit,

190 1908 289 1962 Ipsa
318 1922 468 1949 nemus
498 1907 630 1949 tacito
663 1907 771 1949 elam
802 1909 904 1962 pede
935 1908 1060 1950 fortis
1090 1908 1182 1949 im't.

133 1965 243 2014 Quid
273 1965 353 2007 tibi
385 1966 540 2006 mentis
572 1968 680 2016 erat,
711 1980 807 2007 cum
838 1966 897 2007 sic
929 1966 1038 2007 male
1071 1981 1173 2007 sana
1203 1965 1376 2021 lateres,

191 2023 367 2066 Procri‘?
400 2023 493 2077 quis
525 2023 707 2064 adtoniti
737 2024 921 2078 pectoris
954 2024 1078 2065 ardor
1109 2023 1228 2065 erat?

64 2091 114 2116 715
133 2081 224 2122 Iam
254 2082 340 2122 iam
370 2084 611 2135 venturam,
643 2095 928 2135 quaecumque
961 2084 1051 2123 erat
1081 2082 1219 2136 Aura,
1248 2082 1429 2136 putabas

194 2138 364 2181 Scilicet
395 2142 520 2193 atque
553 2138 686 2180 oculis
717 2139 874 2193 probra
904 2139 1083 2181 videnda
1113 2140 1211 2181 tuis.

133 2196 257 2238 Nunc
289 2197 453 2238 venisse
484 2197 604 2252 piget
635 2195 788 2251 (neque
820 2198 933 2239 enim
964 2198 1217 2252 deprendere
1249 2197 1414 2253 velles),

191 2254 316 2297 Nunc
345 2255 481 2296 iuvat:
512 2255 699 2296 incertus
730 2258 904 2309 pectora
933 2259 1074 2297 versat
1105 2270 1240 2310 amor3

36 2355 38 2357 .
134 2311 311 2354 Credere
344 2327 450 2366 quae
481 2313 674 2367 iubeant,
704 2313 822 2355 locus
854 2317 918 2357 est
950 2317 992 2355 et
1021 2328 1178 2356 nomen
1209 2317 1251 2355 et
1280 2314 1406 2356 index

64 2381 115 2407 ⁷20
191 2371 249 2412 Et
281 2370 379 2424 quia
411 2385 529 2412 mens
562 2385 744 2426 semper,
775 2372 886 2425 quod
917 2372 1058 2427 timet,
1089 2387 1179 2414 esse
1211 2375 1346 2427 putat.

1110 2441 1180 2476 16*
