<?xml version="1.0" encoding="UTF-8"?>
<!DOCTYPE html PUBLIC "-//W3C//DTD XHTML 1.0 Transitional//EN"
    "http://www.w3.org/TR/xhtml1/DTD/xhtml1-transitional.dtd">
<html xmlns="http://www.w3.org/1999/xhtml" xml:lang="en" lang="en">
 <head>
  <title>
</title>
<meta http-equiv="Content-Type" content="text/html;charset=utf-8" />
  <meta name='ocr-system' content='tesseract 3.04.00' />
  <meta name='ocr-capabilities' content='ocr_page ocr_carea ocr_par ocr_line ocrx_word'/>
</head>
<body>
  <div class='ocr_page' id='page_1' title='image "./operaovid03oviduoft_0275.png"; bbox 0 0 1674 2662; ppageno 0'>
   <div class='ocr_carea' id='block_1_1' title="bbox 673 162 1452 207">
    <p class='ocr_par' dir='ltr' id='par_1_1' title="bbox 673 162 1452 207">
     <span class='ocr_line' id='line_1_1' title="bbox 673 162 1452 207; baseline 0.008 -9"><span class='ocrx_word' id='word_1_1' title='bbox 673 163 715 207; x_wconf 90' lang='grc' dir='ltr'>Π,</span> <span class='ocrx_word' id='word_1_2' title='bbox 741 173 902 200; x_wconf 79' lang='lat'>509—582.</span> <span class='ocrx_word' id='word_1_3' title='bbox 1367 162 1452 204; x_wconf 79' lang='lat'>219</span> 
     </span>
    </p>
   </div>
   <div class='ocr_carea' id='block_1_2' title="bbox 0 256 1448 2397">
    <p class='ocr_par' dir='ltr' id='par_1_2' title="bbox 0 256 1448 2397">
     <span class='ocr_line' id='line_1_2' title="bbox 178 256 1393 313; baseline -0.002 -14"><span class='ocrx_word' id='word_1_4' title='bbox 178 257 303 311; x_wconf 88' lang='lat' dir='ltr'>Cum,</span> <span class='ocrx_word' id='word_1_5' title='bbox 333 261 470 311; x_wconf 89' lang='lat' dir='ltr'>tener,</span> <span class='ocrx_word' id='word_1_6' title='bbox 501 259 553 299; x_wconf 90' lang='lat' dir='ltr'>ad</span> <span class='ocrx_word' id='word_1_7' title='bbox 583 262 727 313; x_wconf 85' lang='lat' dir='ltr'>partes</span> <span class='ocrx_word' id='word_1_8' title='bbox 759 261 808 299; x_wconf 89' lang='lat' dir='ltr'>tu</span> <span class='ocrx_word' id='word_1_9' title='bbox 839 272 1025 312; x_wconf 90' lang='lat' dir='ltr'>quoque,</span> <span class='ocrx_word' id='word_1_10' title='bbox 1058 256 1232 312; x_wconf 85' lang='lat' dir='ltr'>Somne,</span> <span class='ocrx_word' id='word_1_11' title='bbox 1262 257 1393 298; x_wconf 86' lang='lat' dir='ltr'>venis.</span> 
     </span>
     <span class='ocr_line' id='line_1_3' title="bbox 0 316 1291 408; baseline -0.001 -51"><span class='ocrx_word' id='word_1_12' title='bbox 0 319 15 408; x_wconf 56' lang='grc'>11</span> <span class='ocrx_word' id='word_1_13' title='bbox 119 316 211 358; x_wconf 85' lang='lat' dir='ltr'>Hac</span> <span class='ocrx_word' id='word_1_14' title='bbox 242 330 339 371; x_wconf 83' lang='lat' dir='ltr'>ego,</span> <span class='ocrx_word' id='word_1_15' title='bbox 371 317 593 370; x_wconf 90' lang='lat' dir='ltr'>confiteor,</span> <span class='ocrx_word' id='word_1_16' title='bbox 622 330 710 357; x_wconf 92' lang='lat' dir='ltr'>non</span> <span class='ocrx_word' id='word_1_17' title='bbox 740 331 835 358; x_wconf 88' lang='lat' dir='ltr'>sum</span> <span class='ocrx_word' id='word_1_18' title='bbox 864 316 1076 371; x_wconf 87' lang='lat' dir='ltr'>perfectus</span> <span class='ocrx_word' id='word_1_19' title='bbox 1107 316 1153 357; x_wconf 94' lang='lat' dir='ltr'>in</span> <span class='ocrx_word' id='word_1_20' title='bbox 1184 319 1291 357; x_wconf 83' lang='lat' dir='ltr'>arte:</span> 
     </span>
     <span class='ocr_line' id='line_1_4' title="bbox 178 373 1276 429; baseline -0.001 -14"><span class='ocrx_word' id='word_1_21' title='bbox 178 373 287 422; x_wconf 83' lang='lat' dir='ltr'><strong>Quid</strong></span> <span class='ocrx_word' id='word_1_22' title='bbox 317 374 500 416; x_wconf 81' lang='lat' dir='ltr'>faciam?</span> <span class='ocrx_word' id='word_1_23' title='bbox 533 375 708 416; x_wconf 87' lang='lat' dir='ltr'>monitis</span> <span class='ocrx_word' id='word_1_24' title='bbox 741 389 835 416; x_wconf 91' lang='lat' dir='ltr'>sum</span> <span class='ocrx_word' id='word_1_25' title='bbox 866 375 1005 415; x_wconf 88' lang='lat' dir='ltr'>minor</span> <span class='ocrx_word' id='word_1_26' title='bbox 1036 374 1126 429; x_wconf 90' lang='lat' dir='ltr'>ipse</span> <span class='ocrx_word' id='word_1_27' title='bbox 1158 374 1276 415; x_wconf 89' lang='lat' dir='ltr'>meis.</span> 
     </span>
     <span class='ocr_line' id='line_1_5' title="bbox 8 409 1354 511; baseline -0.001 -38"><span class='ocrx_word' id='word_1_28' title='bbox 8 409 15 511; x_wconf 57' lang='lat'><em>¹</em></span> <span class='ocrx_word' id='word_1_29' title='bbox 119 432 241 473; x_wconf 98' lang='lat' dir='ltr'>Mene</span> <span class='ocrx_word' id='word_1_30' title='bbox 271 433 412 486; x_wconf 84' lang='lat' dir='ltr'>palam</span> <span class='ocrx_word' id='word_1_31' title='bbox 443 435 615 474; x_wconf 87' lang='lat' dir='ltr'>nostrae</span> <span class='ocrx_word' id='word_1_32' title='bbox 648 433 717 473; x_wconf 91' lang='lat' dir='ltr'>det</span> <span class='ocrx_word' id='word_1_33' title='bbox 750 433 975 486; x_wconf 86' lang='lat' dir='ltr'>quisquam</span> <span class='ocrx_word' id='word_1_34' title='bbox 1007 433 1130 488; x_wconf 83' lang='lat' dir='ltr'>signa</span> <span class='ocrx_word' id='word_1_35' title='bbox 1159 431 1354 486; x_wconf 76' lang='lat' dir='ltr'>puellae?</span> 
     </span>
     <span class='ocr_line' id='line_1_6' title="bbox 8 490 1112 544; baseline 0.004 -17"><span class='ocrx_word' id='word_1_36' title='bbox 8 514 13 536; x_wconf 78' lang='grc'>,</span> <span class='ocrx_word' id='word_1_37' title='bbox 49 501 101 528; x_wconf 83' lang='grc'>550</span> <span class='ocrx_word' id='word_1_38' title='bbox 177 490 236 531; x_wconf 85' lang='lat' dir='ltr'>Et</span> <span class='ocrx_word' id='word_1_39' title='bbox 266 490 422 544; x_wconf 85' lang='lat' dir='ltr'>patiar,</span> <span class='ocrx_word' id='word_1_40' title='bbox 452 505 529 531; x_wconf 93' lang='lat' dir='ltr'>nec</span> <span class='ocrx_word' id='word_1_41' title='bbox 561 505 626 532; x_wconf 91' lang='lat' dir='ltr'>me</span> <span class='ocrx_word' id='word_1_42' title='bbox 660 490 851 544; x_wconf 89' lang='lat' dir='ltr'>quolibet</span> <span class='ocrx_word' id='word_1_43' title='bbox 880 491 945 532; x_wconf 83' lang='lat' dir='ltr'>ira</span> <span class='ocrx_word' id='word_1_44' title='bbox 974 490 1112 532; x_wconf 79' lang='lat' dir='ltr'>ferat?</span> 
     </span>
     <span class='ocr_line' id='line_1_7' title="bbox 7 540 1345 603; baseline 0 -14"><span class='ocrx_word' id='word_1_45' title='bbox 7 540 13 602; x_wconf 69' lang='grc'>1</span> <span class='ocrx_word' id='word_1_46' title='bbox 120 547 273 589; x_wconf 82' lang='lat' dir='ltr'>Oscula</span> <span class='ocrx_word' id='word_1_47' title='bbox 304 549 369 589; x_wconf 83' lang='lat' dir='ltr'>vir</span> <span class='ocrx_word' id='word_1_48' title='bbox 400 549 588 602; x_wconf 77' lang='lat' dir='ltr'>dederat,</span> <span class='ocrx_word' id='word_1_49' title='bbox 619 549 811 603; x_wconf 88' lang='lat' dir='ltr'>memini,</span> <span class='ocrx_word' id='word_1_50' title='bbox 842 563 961 590; x_wconf 88' lang='lat' dir='ltr'>suus:</span> <span class='ocrx_word' id='word_1_51' title='bbox 994 549 1139 590; x_wconf 85' lang='lat' dir='ltr'>oscula</span> <span class='ocrx_word' id='word_1_52' title='bbox 1171 551 1345 602; x_wconf 88' lang='lat' dir='ltr'>questus</span> 
     </span>
     <span class='ocr_line' id='line_1_8' title="bbox 183 605 1222 634; baseline 0.002 -2"><span class='ocrx_word' id='word_1_53' title='bbox 183 605 205 620; x_wconf 45' lang='grc' dir='ltr'>Ἴ</span> <span class='ocrx_word' id='word_1_54' title='bbox 421 624 429 632; x_wconf 94' lang='grc'><strong>.</strong></span> <span class='ocrx_word' id='word_1_55' title='bbox 622 607 628 614; x_wconf 92' lang='grc'><em>·</em></span> <span class='ocrx_word' id='word_1_56' title='bbox 1214 607 1222 634; x_wconf 72' lang='lat' dir='ltr'>v</span> 
     </span>
     <span class='ocr_line' id='line_1_9' title="bbox 6 606 1323 731; baseline 0 -27"><span class='ocrx_word' id='word_1_57' title='bbox 6 634 12 731; x_wconf 80' lang='grc' dir='ltr'><strong>Ῑ</strong></span> <span class='ocrx_word' id='word_1_58' title='bbox 118 607 675 706; x_wconf 42' lang='grc' dir='ltr'>Νοῗὶᾛθῃῗὲἷῖοἶᾶᾞὲἲὲ</span> <span class='ocrx_word' id='word_1_59' title='bbox 690 610 852 706; x_wconf 49' lang='grc' dir='ltr'>1110ξέ311</span> <span class='ocrx_word' id='word_1_60' title='bbox 868 606 1206 719; x_wconf 49' lang='grc' dir='ltr'>ἃὲῗὲῗᾶἓοῖἲῗὲἶ</span> <span class='ocrx_word' id='word_1_61' title='bbox 1215 639 1222 647; x_wconf 83' lang='grc'><strong>’</strong></span> <span class='ocrx_word' id='word_1_62' title='bbox 1233 664 1323 718; x_wconf 78' lang='lat' dir='ltr'>ille,</span> 
     </span>
     <span class='ocr_line' id='line_1_10' title="bbox 5 721 1001 773; baseline 0.001 -11"><span class='ocrx_word' id='word_1_63' title='bbox 5 737 11 773; x_wconf 68' lang='grc' dir='ltr'>ι</span> <span class='ocrx_word' id='word_1_64' title='bbox 177 721 269 770; x_wconf 86' lang='lat' dir='ltr'>Quo</span> <span class='ocrx_word' id='word_1_65' title='bbox 301 722 476 763; x_wconf 86' lang='lat' dir='ltr'>veniunt</span> <span class='ocrx_word' id='word_1_66' title='bbox 509 722 581 763; x_wconf 84' lang='lat' dir='ltr'>alii</span> <span class='ocrx_word' id='word_1_67' title='bbox 613 723 866 764; x_wconf 74' lang='lat' dir='ltr'>conciliante</span> <span class='ocrx_word' id='word_1_68' title='bbox 898 723 1001 763; x_wconf 79' lang='lat' dir='ltr'>viro.</span> 
     </span>
     <span class='ocr_line' id='line_1_11' title="bbox 4 779 1264 835; baseline 0.001 -15"><span class='ocrx_word' id='word_1_69' title='bbox 4 780 11 820; x_wconf 68' lang='lat'>3</span> <span class='ocrx_word' id='word_1_70' title='bbox 50 791 100 817; x_wconf 83' lang='grc'>555</span> <span class='ocrx_word' id='word_1_71' title='bbox 122 779 202 821; x_wconf 82' lang='lat' dir='ltr'>Sed</span> <span class='ocrx_word' id='word_1_72' title='bbox 233 780 384 821; x_wconf 87' lang='lat' dir='ltr'>melius</span> <span class='ocrx_word' id='word_1_73' title='bbox 415 780 599 822; x_wconf 86' lang='lat' dir='ltr'>nescisse</span> <span class='ocrx_word' id='word_1_74' title='bbox 630 780 729 833; x_wconf 76' lang='lat' dir='ltr'>fujt3</span> <span class='ocrx_word' id='word_1_75' title='bbox 763 781 869 835; x_wconf 90' lang='lat' dir='ltr'>sine,</span> <span class='ocrx_word' id='word_1_76' title='bbox 900 781 1015 821; x_wconf 86' lang='lat' dir='ltr'>furta</span> <span class='ocrx_word' id='word_1_77' title='bbox 1046 783 1264 835; x_wconf 84' lang='lat' dir='ltr'>tegantur,</span> 
     </span>
     <span class='ocr_line' id='line_1_12' title="bbox 6 832 1079 893; baseline -0.001 -14"><span class='ocrx_word' id='word_1_78' title='bbox 6 832 9 852; x_wconf 77' lang='lat'><em>&#39;</em></span> <span class='ocrx_word' id='word_1_79' title='bbox 177 837 242 879; x_wconf 80' lang='lat' dir='ltr'>Ne</span> <span class='ocrx_word' id='word_1_80' title='bbox 273 838 412 893; x_wconf 85' lang='lat' dir='ltr'>fugiat</span> <span class='ocrx_word' id='word_1_81' title='bbox 442 839 542 880; x_wconf 90' lang='lat' dir='ltr'>ficto</span> <span class='ocrx_word' id='word_1_82' title='bbox 574 838 713 880; x_wconf 86' lang='lat' dir='ltr'>fassus</span> <span class='ocrx_word' id='word_1_83' title='bbox 746 840 798 879; x_wconf 88' lang='lat' dir='ltr'>ab</span> <span class='ocrx_word' id='word_1_84' title='bbox 831 853 902 879; x_wconf 91' lang='lat' dir='ltr'>ore</span> <span class='ocrx_word' id='word_1_85' title='bbox 934 838 1079 892; x_wconf 90' lang='lat' dir='ltr'>pudor.</span> 
     </span>
     <span class='ocr_line' id='line_1_13' title="bbox 120 895 1368 951; baseline 0.001 -15"><span class='ocrx_word' id='word_1_86' title='bbox 120 895 211 944; x_wconf 92' lang='lat' dir='ltr'>Quo</span> <span class='ocrx_word' id='word_1_87' title='bbox 243 896 399 951; x_wconf 84' lang='lat' dir='ltr'>magis,</span> <span class='ocrx_word' id='word_1_88' title='bbox 431 910 454 937; x_wconf 95' lang='grc' dir='ltr'>ο</span> <span class='ocrx_word' id='word_1_89' title='bbox 485 896 676 950; x_wconf 84' lang='lat' dir='ltr'>iuvenes,</span> <span class='ocrx_word' id='word_1_90' title='bbox 708 897 961 950; x_wconf 88' lang='lat' dir='ltr'>deprendere</span> <span class='ocrx_word' id='word_1_91' title='bbox 992 897 1153 951; x_wconf 82' lang='lat' dir='ltr'>parcite</span> <span class='ocrx_word' id='word_1_92' title='bbox 1185 899 1368 937; x_wconf 83' lang='lat' dir='ltr'>vestras:</span> 
     </span>
     <span class='ocr_line' id='line_1_14' title="bbox 175 953 1180 1008; baseline 0.001 -14"><span class='ocrx_word' id='word_1_93' title='bbox 175 953 374 1007; x_wconf 87' lang='lat' dir='ltr'>Peccent,</span> <span class='ocrx_word' id='word_1_94' title='bbox 403 957 626 1007; x_wconf 75' lang='lat' dir='ltr'>peccantes</span> <span class='ocrx_word' id='word_1_95' title='bbox 658 954 787 995; x_wconf 84' lang='lat' dir='ltr'>verba</span> <span class='ocrx_word' id='word_1_96' title='bbox 818 954 980 995; x_wconf 80' lang='lat' dir='ltr'>dedisse</span> <span class='ocrx_word' id='word_1_97' title='bbox 1011 955 1180 1008; x_wconf 88' lang='lat' dir='ltr'>putent!</span> 
     </span>
     <span class='ocr_line' id='line_1_15' title="bbox 119 1011 1328 1066; baseline 0 -13"><span class='ocrx_word' id='word_1_98' title='bbox 119 1011 281 1054; x_wconf 75' lang='lat' dir='ltr'>Crescit</span> <span class='ocrx_word' id='word_1_99' title='bbox 312 1025 431 1052; x_wconf 87' lang='lat' dir='ltr'>amor</span> <span class='ocrx_word' id='word_1_100' title='bbox 460 1012 642 1066; x_wconf 88' lang='lat' dir='ltr'>prensis:</span> <span class='ocrx_word' id='word_1_101' title='bbox 673 1012 747 1052; x_wconf 91' lang='lat' dir='ltr'>ubi</span> <span class='ocrx_word' id='word_1_102' title='bbox 778 1026 855 1066; x_wconf 83' lang='lat' dir='ltr'>par</span> <span class='ocrx_word' id='word_1_103' title='bbox 884 1012 1057 1053; x_wconf 83' lang='lat' dir='ltr'>fortuna</span> <span class='ocrx_word' id='word_1_104' title='bbox 1088 1013 1328 1066; x_wconf 88' lang='lat' dir='ltr'>duorumst,</span> 
     </span>
     <span class='ocr_line' id='line_1_16' title="bbox 48 1069 1065 1124; baseline 0.001 -14"><span class='ocrx_word' id='word_1_105' title='bbox 48 1079 100 1106; x_wconf 74' lang='lat'>560</span> <span class='ocrx_word' id='word_1_106' title='bbox 174 1069 227 1110; x_wconf 93' lang='lat' dir='ltr'>In</span> <span class='ocrx_word' id='word_1_107' title='bbox 257 1083 384 1111; x_wconf 85' lang='lat' dir='ltr'>causa</span> <span class='ocrx_word' id='word_1_108' title='bbox 414 1069 556 1110; x_wconf 87' lang='lat' dir='ltr'>damni</span> <span class='ocrx_word' id='word_1_109' title='bbox 586 1073 749 1124; x_wconf 87' lang='lat' dir='ltr'>perstat</span> <span class='ocrx_word' id='word_1_110' title='bbox 779 1073 956 1124; x_wconf 87' lang='lat' dir='ltr'>uterque</span> <span class='ocrx_word' id='word_1_111' title='bbox 989 1070 1065 1111; x_wconf 91' lang='lat' dir='ltr'>sui.</span> 
     </span>
     <span class='ocr_line' id='line_1_17' title="bbox 117 1127 1040 1170; baseline 0.001 -2"><span class='ocrx_word' id='word_1_112' title='bbox 117 1127 281 1168; x_wconf 86' lang='lat' dir='ltr'>Fabula</span> <span class='ocrx_word' id='word_1_113' title='bbox 311 1130 510 1168; x_wconf 83' lang='lat' dir='ltr'>narratur</span> <span class='ocrx_word' id='word_1_114' title='bbox 541 1130 634 1168; x_wconf 91' lang='lat' dir='ltr'>toto</span> <span class='ocrx_word' id='word_1_115' title='bbox 665 1128 891 1169; x_wconf 87' lang='lat' dir='ltr'>notissima</span> <span class='ocrx_word' id='word_1_116' title='bbox 924 1128 1040 1170; x_wconf 85' lang='lat' dir='ltr'>caelo</span> 
     </span>
     <span class='ocr_line' id='line_1_18' title="bbox 176 1184 1213 1239; baseline 0.001 -14"><span class='ocrx_word' id='word_1_117' title='bbox 176 1184 420 1226; x_wconf 87' lang='lat' dir='ltr'>Mulciberis</span> <span class='ocrx_word' id='word_1_118' title='bbox 453 1185 566 1239; x_wconf 85' lang='lat' dir='ltr'>capti</span> <span class='ocrx_word' id='word_1_119' title='bbox 596 1185 794 1238; x_wconf 85' lang='lat' dir='ltr'>Marsque</span> <span class='ocrx_word' id='word_1_120' title='bbox 825 1185 1054 1239; x_wconf 88' lang='lat' dir='ltr'>Venusque</span> <span class='ocrx_word' id='word_1_121' title='bbox 1086 1186 1213 1227; x_wconf 87' lang='lat' dir='ltr'>dolis:</span> 
     </span>
     <span class='ocr_line' id='line_1_19' title="bbox 118 1242 1181 1297; baseline 0.002 -14"><span class='ocrx_word' id='word_1_122' title='bbox 118 1242 233 1284; x_wconf 86' lang='lat' dir='ltr'>Mars</span> <span class='ocrx_word' id='word_1_123' title='bbox 264 1246 384 1297; x_wconf 83' lang='lat' dir='ltr'>pater</span> <span class='ocrx_word' id='word_1_124' title='bbox 415 1243 564 1283; x_wconf 81' lang='lat' dir='ltr'>insano</span> <span class='ocrx_word' id='word_1_125' title='bbox 596 1243 773 1284; x_wconf 88' lang='lat' dir='ltr'>Veneris</span> <span class='ocrx_word' id='word_1_126' title='bbox 805 1244 1003 1285; x_wconf 82' lang='lat' dir='ltr'>turbatus</span> <span class='ocrx_word' id='word_1_127' title='bbox 1038 1257 1181 1285; x_wconf 87' lang='lat' dir='ltr'>amore</span> 
     </span>
     <span class='ocr_line' id='line_1_20' title="bbox 177 1300 1098 1355; baseline 0.001 -14"><span class='ocrx_word' id='word_1_128' title='bbox 177 1300 241 1341; x_wconf 91' lang='lat' dir='ltr'>De</span> <span class='ocrx_word' id='word_1_129' title='bbox 273 1301 376 1342; x_wconf 91' lang='lat' dir='ltr'>duce</span> <span class='ocrx_word' id='word_1_130' title='bbox 407 1300 590 1341; x_wconf 79' lang='lat' dir='ltr'>terribili</span> <span class='ocrx_word' id='word_1_131' title='bbox 620 1300 759 1342; x_wconf 88' lang='lat' dir='ltr'>factus</span> <span class='ocrx_word' id='word_1_132' title='bbox 792 1304 957 1342; x_wconf 84' lang='lat' dir='ltr'>amator</span> <span class='ocrx_word' id='word_1_133' title='bbox 989 1305 1098 1355; x_wconf 87' lang='lat' dir='ltr'>erat,</span> 
     </span>
     <span class='ocr_line' id='line_1_21' title="bbox 49 1356 1379 1414; baseline 0 -14"><span class='ocrx_word' id='word_1_134' title='bbox 49 1369 100 1395; x_wconf 81' lang='lat'>565</span> <span class='ocrx_word' id='word_1_135' title='bbox 119 1358 209 1400; x_wconf 85' lang='lat' dir='ltr'>Nec</span> <span class='ocrx_word' id='word_1_136' title='bbox 242 1357 386 1399; x_wconf 88' lang='lat' dir='ltr'>Venus</span> <span class='ocrx_word' id='word_1_137' title='bbox 420 1358 558 1399; x_wconf 87' lang='lat' dir='ltr'>oranti</span> <span class='ocrx_word' id='word_1_138' title='bbox 590 1356 743 1412; x_wconf 86' lang='lat' dir='ltr'>(neque</span> <span class='ocrx_word' id='word_1_139' title='bbox 775 1359 887 1399; x_wconf 89' lang='lat' dir='ltr'>enim</span> <span class='ocrx_word' id='word_1_140' title='bbox 919 1359 996 1400; x_wconf 84' lang='lat' dir='ltr'>dea</span> <span class='ocrx_word' id='word_1_141' title='bbox 1027 1359 1197 1400; x_wconf 74' lang='lat' dir='ltr'>mollior</span> <span class='ocrx_word' id='word_1_142' title='bbox 1228 1357 1379 1414; x_wconf 78' lang='lat' dir='ltr'>ullast)</span> 
     </span>
     <span class='ocr_line' id='line_1_22' title="bbox 177 1415 999 1470; baseline 0 -13"><span class='ocrx_word' id='word_1_143' title='bbox 177 1416 356 1457; x_wconf 84' lang='lat' dir='ltr'>Rustica</span> <span class='ocrx_word' id='word_1_144' title='bbox 388 1415 571 1457; x_wconf 83' lang='lat' dir='ltr'>Gradivo</span> <span class='ocrx_word' id='word_1_145' title='bbox 604 1415 873 1470; x_wconf 84' lang='lat' dir='ltr'>difficilisque</span> <span class='ocrx_word' id='word_1_146' title='bbox 905 1416 999 1457; x_wconf 87' lang='lat' dir='ltr'>fuit.</span> 
     </span>
     <span class='ocr_line' id='line_1_23' title="bbox 118 1474 1101 1528; baseline 0.001 -14"><span class='ocrx_word' id='word_1_147' title='bbox 118 1474 174 1515; x_wconf 80' lang='lat' dir='ltr'>A!</span> <span class='ocrx_word' id='word_1_148' title='bbox 207 1474 401 1528; x_wconf 89' lang='lat' dir='ltr'>quotiens</span> <span class='ocrx_word' id='word_1_149' title='bbox 433 1474 590 1515; x_wconf 81' lang='lat' dir='ltr'>lasciva</span> <span class='ocrx_word' id='word_1_150' title='bbox 621 1474 747 1528; x_wconf 85' lang='lat' dir='ltr'>pedes</span> <span class='ocrx_word' id='word_1_151' title='bbox 779 1474 924 1515; x_wconf 87' lang='lat' dir='ltr'>risisse</span> <span class='ocrx_word' id='word_1_152' title='bbox 956 1474 1101 1515; x_wconf 86' lang='lat' dir='ltr'>mariti</span> 
     </span>
     <span class='ocr_line' id='line_1_24' title="bbox 176 1531 1123 1587; baseline 0 -15"><span class='ocrx_word' id='word_1_153' title='bbox 176 1531 346 1573; x_wconf 82' lang='lat' dir='ltr'>Dicitur</span> <span class='ocrx_word' id='word_1_154' title='bbox 377 1535 419 1572; x_wconf 89' lang='lat' dir='ltr'>et</span> <span class='ocrx_word' id='word_1_155' title='bbox 451 1532 575 1572; x_wconf 81' lang='lat' dir='ltr'>duras</span> <span class='ocrx_word' id='word_1_156' title='bbox 606 1531 705 1587; x_wconf 83' lang='lat' dir='ltr'>igne</span> <span class='ocrx_word' id='word_1_157' title='bbox 738 1532 803 1573; x_wconf 75' lang='lat' dir='ltr'>vel</span> <span class='ocrx_word' id='word_1_158' title='bbox 835 1536 924 1573; x_wconf 83' lang='lat' dir='ltr'>arte</span> <span class='ocrx_word' id='word_1_159' title='bbox 956 1533 1123 1573; x_wconf 84' lang='lat' dir='ltr'>manus!</span> 
     </span>
     <span class='ocr_line' id='line_1_25' title="bbox 0 1589 1391 1644; baseline 0.001 -14"><span class='ocrx_word' id='word_1_160' title='bbox 0 1626 1 1639; x_wconf 61' lang='grc'>,</span> <span class='ocrx_word' id='word_1_161' title='bbox 118 1589 255 1630; x_wconf 87' lang='lat' dir='ltr'>Marte</span> <span class='ocrx_word' id='word_1_162' title='bbox 285 1589 426 1643; x_wconf 87' lang='lat' dir='ltr'>palam</span> <span class='ocrx_word' id='word_1_163' title='bbox 457 1590 583 1630; x_wconf 88' lang='lat' dir='ltr'>simul</span> <span class='ocrx_word' id='word_1_164' title='bbox 615 1593 679 1630; x_wconf 91' lang='lat' dir='ltr'>est</span> <span class='ocrx_word' id='word_1_165' title='bbox 710 1589 951 1631; x_wconf 86' lang='lat' dir='ltr'>Vulcanum</span> <span class='ocrx_word' id='word_1_166' title='bbox 979 1590 1166 1640; x_wconf 61' lang='lat' dir='ltr'>imitata:</span> <span class='ocrx_word' id='word_1_167' title='bbox 1198 1589 1391 1644; x_wconf 81' lang='lat' dir='ltr'>decebat,</span> 
     </span>
     <span class='ocr_line' id='line_1_26' title="bbox 50 1647 1151 1702; baseline 0 -14"><span class='ocrx_word' id='word_1_168' title='bbox 50 1657 101 1684; x_wconf 83' lang='lat'>⁵⁷0</span> <span class='ocrx_word' id='word_1_169' title='bbox 176 1647 396 1700; x_wconf 86' lang='lat' dir='ltr'>Multaque</span> <span class='ocrx_word' id='word_1_170' title='bbox 428 1662 523 1689; x_wconf 92' lang='lat' dir='ltr'>cum</span> <span class='ocrx_word' id='word_1_171' title='bbox 554 1647 693 1689; x_wconf 83' lang='lat' dir='ltr'>forma</span> <span class='ocrx_word' id='word_1_172' title='bbox 725 1648 864 1702; x_wconf 83' lang='lat' dir='ltr'>gratia</span> <span class='ocrx_word' id='word_1_173' title='bbox 895 1648 1028 1689; x_wconf 81' lang='lat' dir='ltr'>mixta</span> <span class='ocrx_word' id='word_1_174' title='bbox 1058 1647 1151 1688; x_wconf 82' lang='lat' dir='ltr'>fuit.</span> 
     </span>
     <span class='ocr_line' id='line_1_27' title="bbox 121 1703 1200 1759; baseline 0 -13"><span class='ocrx_word' id='word_1_175' title='bbox 121 1703 202 1746; x_wconf 83' lang='lat' dir='ltr'>Sed</span> <span class='ocrx_word' id='word_1_176' title='bbox 233 1705 338 1746; x_wconf 89' lang='lat' dir='ltr'>bene</span> <span class='ocrx_word' id='word_1_177' title='bbox 370 1705 620 1746; x_wconf 85' lang='lat' dir='ltr'>concubitus</span> <span class='ocrx_word' id='word_1_178' title='bbox 651 1706 789 1759; x_wconf 91' lang='lat' dir='ltr'>primo</span> <span class='ocrx_word' id='word_1_179' title='bbox 822 1706 957 1747; x_wconf 86' lang='lat' dir='ltr'>celare</span> <span class='ocrx_word' id='word_1_180' title='bbox 990 1705 1200 1746; x_wconf 86' lang='lat' dir='ltr'>solebant:</span> 
     </span>
     <span class='ocr_line' id='line_1_28' title="bbox 177 1762 1062 1818; baseline 0.001 -15"><span class='ocrx_word' id='word_1_181' title='bbox 177 1762 307 1804; x_wconf 86' lang='lat' dir='ltr'>Plena</span> <span class='ocrx_word' id='word_1_182' title='bbox 339 1763 563 1804; x_wconf 78' lang='lat' dir='ltr'>verecundi</span> <span class='ocrx_word' id='word_1_183' title='bbox 595 1763 719 1817; x_wconf 83' lang='lat' dir='ltr'>culpa</span> <span class='ocrx_word' id='word_1_184' title='bbox 749 1764 922 1818; x_wconf 89' lang='lat' dir='ltr'>pudoris</span> <span class='ocrx_word' id='word_1_185' title='bbox 954 1767 1062 1817; x_wconf 81' lang='lat' dir='ltr'>erat3</span> 
     </span>
     <span class='ocr_line' id='line_1_29' title="bbox 119 1818 1140 1875; baseline 0.001 -15"><span class='ocrx_word' id='word_1_186' title='bbox 119 1820 281 1861; x_wconf 90' lang='lat' dir='ltr'>Indicio</span> <span class='ocrx_word' id='word_1_187' title='bbox 315 1818 425 1861; x_wconf 84' lang='lat' dir='ltr'>Solis</span> <span class='ocrx_word' id='word_1_188' title='bbox 456 1819 572 1875; x_wconf 82' lang='lat' dir='ltr'>(quis</span> <span class='ocrx_word' id='word_1_189' title='bbox 606 1819 747 1862; x_wconf 83' lang='lat' dir='ltr'>Solem</span> <span class='ocrx_word' id='word_1_190' title='bbox 778 1821 924 1863; x_wconf 85' lang='lat' dir='ltr'>fallere</span> <span class='ocrx_word' id='word_1_191' title='bbox 955 1821 1140 1875; x_wconf 84' lang='lat' dir='ltr'>possit‘?)</span> 
     </span>
     <span class='ocr_line' id='line_1_30' title="bbox 178 1876 1078 1934; baseline 0.001 -15"><span class='ocrx_word' id='word_1_192' title='bbox 178 1876 360 1933; x_wconf 79' lang='lat' dir='ltr'>Cognita</span> <span class='ocrx_word' id='word_1_193' title='bbox 391 1877 584 1919; x_wconf 75' lang='lat' dir='ltr'>Vulcano</span> <span class='ocrx_word' id='word_1_194' title='bbox 617 1879 808 1934; x_wconf 87' lang='lat' dir='ltr'>coniugis</span> <span class='ocrx_word' id='word_1_195' title='bbox 842 1882 938 1920; x_wconf 85' lang='lat' dir='ltr'>acta</span> <span class='ocrx_word' id='word_1_196' title='bbox 968 1893 1078 1920; x_wconf 81' lang='lat' dir='ltr'>suae.</span> 
     </span>
     <span class='ocr_line' id='line_1_31' title="bbox 50 1934 1448 1992; baseline 0.001 -15"><span class='ocrx_word' id='word_1_197' title='bbox 50 1946 101 1972; x_wconf 79' lang='lat'>575</span> <span class='ocrx_word' id='word_1_198' title='bbox 120 1935 256 1984; x_wconf 86' lang='lat' dir='ltr'>Quam</span> <span class='ocrx_word' id='word_1_199' title='bbox 281 1935 409 1989; x_wconf 84' lang='lat' dir='ltr'>mala,</span> <span class='ocrx_word' id='word_1_200' title='bbox 431 1934 522 1989; x_wconf 81' lang='lat' dir='ltr'>Sol,</span> <span class='ocrx_word' id='word_1_201' title='bbox 547 1936 738 1990; x_wconf 85' lang='lat' dir='ltr'>exempla</span> <span class='ocrx_word' id='word_1_202' title='bbox 764 1937 925 1978; x_wconf 84' lang='lat' dir='ltr'>moves!</span> <span class='ocrx_word' id='word_1_203' title='bbox 957 1939 1053 1991; x_wconf 87' lang='lat' dir='ltr'>pete</span> <span class='ocrx_word' id='word_1_204' title='bbox 1080 1950 1234 1978; x_wconf 87' lang='lat' dir='ltr'>munus</span> <span class='ocrx_word' id='word_1_205' title='bbox 1261 1936 1312 1977; x_wconf 86' lang='lat' dir='ltr'>ab</span> <span class='ocrx_word' id='word_1_206' title='bbox 1338 1936 1448 1992; x_wconf 83' lang='lat' dir='ltr'>ipsa:</span> 
     </span>
     <span class='ocr_line' id='line_1_32' title="bbox 177 1993 1250 2048; baseline 0.001 -14"><span class='ocrx_word' id='word_1_207' title='bbox 177 1993 235 2034; x_wconf 89' lang='lat' dir='ltr'>Et</span> <span class='ocrx_word' id='word_1_208' title='bbox 265 1994 364 2047; x_wconf 88' lang='lat' dir='ltr'>tibi,</span> <span class='ocrx_word' id='word_1_209' title='bbox 396 1994 621 2048; x_wconf 86' lang='lat' dir='ltr'>si·taceas‚</span> <span class='ocrx_word' id='word_1_210' title='bbox 653 1994 765 2048; x_wconf 93' lang='lat' dir='ltr'>quod</span> <span class='ocrx_word' id='word_1_211' title='bbox 796 1994 893 2035; x_wconf 87' lang='lat' dir='ltr'>dare</span> <span class='ocrx_word' id='word_1_212' title='bbox 923 1995 1078 2048; x_wconf 83' lang='lat' dir='ltr'>possit,</span> <span class='ocrx_word' id='word_1_213' title='bbox 1109 1994 1250 2036; x_wconf 84' lang='lat' dir='ltr'>habet.</span> 
     </span>
     <span class='ocr_line' id='line_1_33' title="bbox 119 2051 1212 2107; baseline 0.001 -15"><span class='ocrx_word' id='word_1_214' title='bbox 119 2051 326 2092; x_wconf 89' lang='lat' dir='ltr'>Mulciber</span> <span class='ocrx_word' id='word_1_215' title='bbox 357 2052 559 2093; x_wconf 86' lang='lat' dir='ltr'>obscuros</span> <span class='ocrx_word' id='word_1_216' title='bbox 591 2051 747 2093; x_wconf 90' lang='lat' dir='ltr'>lectum</span> <span class='ocrx_word' id='word_1_217' title='bbox 779 2052 972 2106; x_wconf 87' lang='lat' dir='ltr'>circaque</span> <span class='ocrx_word' id='word_1_218' title='bbox 1004 2066 1212 2107; x_wconf 89' lang='lat' dir='ltr'>superque</span> 
     </span>
     <span class='ocr_line' id='line_1_34' title="bbox 177 2108 1090 2164; baseline 0.002 -15"><span class='ocrx_word' id='word_1_219' title='bbox 177 2108 379 2163; x_wconf 85' lang='lat' dir='ltr'>Disponit</span> <span class='ocrx_word' id='word_1_220' title='bbox 409 2109 600 2163; x_wconf 88' lang='lat' dir='ltr'>laqueos:</span> <span class='ocrx_word' id='word_1_221' title='bbox 632 2110 793 2150; x_wconf 83' lang='lat' dir='ltr'>lumina</span> <span class='ocrx_word' id='word_1_222' title='bbox 822 2109 934 2151; x_wconf 84' lang='lat' dir='ltr'>fallit</span> <span class='ocrx_word' id='word_1_223' title='bbox 967 2124 1090 2164; x_wconf 68' lang='lat' dir='ltr'>opus,</span> 
     </span>
     <span class='ocr_line' id='line_1_35' title="bbox 118 2166 1338 2224; baseline 0.002 -17"><span class='ocrx_word' id='word_1_224' title='bbox 118 2166 266 2221; x_wconf 80' lang='lat' dir='ltr'>Fingit</span> <span class='ocrx_word' id='word_1_225' title='bbox 296 2167 378 2207; x_wconf 91' lang='lat' dir='ltr'>iter</span> <span class='ocrx_word' id='word_1_226' title='bbox 407 2166 632 2208; x_wconf 87' lang='lat' dir='ltr'>Lemnum:</span> <span class='ocrx_word' id='word_1_227' title='bbox 663 2167 838 2208; x_wconf 85' lang='lat' dir='ltr'>veniunt</span> <span class='ocrx_word' id='word_1_228' title='bbox 869 2168 922 2209; x_wconf 89' lang='lat' dir='ltr'>ad</span> <span class='ocrx_word' id='word_1_229' title='bbox 951 2167 1100 2209; x_wconf 86' lang='lat' dir='ltr'>foedus</span> <span class='ocrx_word' id='word_1_230' title='bbox 1131 2170 1338 2224; x_wconf 74' lang='lat' dir='ltr'>amantes3</span> 
     </span>
     <span class='ocr_line' id='line_1_36' title="bbox 49 2221 1117 2279; baseline 0.005 -17"><span class='ocrx_word' id='word_1_231' title='bbox 49 2235 102 2262; x_wconf 80' lang='lat'>580</span> <span class='ocrx_word' id='word_1_232' title='bbox 177 2224 367 2278; x_wconf 87' lang='lat' dir='ltr'>Inpliciti</span> <span class='ocrx_word' id='word_1_233' title='bbox 397 2225 559 2279; x_wconf 89' lang='lat' dir='ltr'>laqueis</span> <span class='ocrx_word' id='word_1_234' title='bbox 589 2225 726 2266; x_wconf 88' lang='lat' dir='ltr'>nudus</span> <span class='ocrx_word' id='word_1_235' title='bbox 759 2221 936 2279; x_wconf 86' lang='lat' dir='ltr'>uterque</span> <span class='ocrx_word' id='word_1_236' title='bbox 966 2226 1117 2267; x_wconf 86' lang='lat' dir='ltr'>iacent.</span> 
     </span>
     <span class='ocr_line' id='line_1_37' title="bbox 120 2281 1258 2338; baseline 0 -14"><span class='ocrx_word' id='word_1_237' title='bbox 120 2281 336 2324; x_wconf 85' lang='lat' dir='ltr'>Convocat</span> <span class='ocrx_word' id='word_1_238' title='bbox 367 2282 438 2323; x_wconf 92' lang='lat' dir='ltr'>ille</span> <span class='ocrx_word' id='word_1_239' title='bbox 471 2283 587 2324; x_wconf 87' lang='lat' dir='ltr'>deos·</span> <span class='ocrx_word' id='word_1_240' title='bbox 619 2283 823 2337; x_wconf 83' lang='lat' dir='ltr'>praebent</span> <span class='ocrx_word' id='word_1_241' title='bbox 855 2283 1095 2338; x_wconf 85' lang='lat' dir='ltr'>spectacula</span> <span class='ocrx_word' id='word_1_242' title='bbox 1126 2284 1258 2338; x_wconf 86' lang='lat' dir='ltr'>capti,</span> 
     </span>
     <span class='ocr_line' id='line_1_38' title="bbox 177 2339 1220 2397; baseline 0.002 -16"><span class='ocrx_word' id='word_1_243' title='bbox 177 2339 261 2381; x_wconf 85' lang='lat' dir='ltr'>Vix</span> <span class='ocrx_word' id='word_1_244' title='bbox 291 2340 486 2382; x_wconf 84' lang='lat' dir='ltr'>lacrimas</span> <span class='ocrx_word' id='word_1_245' title='bbox 519 2340 727 2382; x_wconf 86' lang='lat' dir='ltr'>Venerem</span> <span class='ocrx_word' id='word_1_246' title='bbox 759 2341 1018 2383; x_wconf 85' lang='lat' dir='ltr'>continuisse</span> <span class='ocrx_word' id='word_1_247' title='bbox 1049 2344 1220 2397; x_wconf 80' lang='lat' dir='ltr'>putant3</span> 
     </span>
    </p>
   </div>
  </div>
 </body>
</html>
