1690 2656
348 146 433 188 202
799 145 902 179 ARS
928 143 1231 179 AMATORIA.

407 242 471 283 Tu
502 242 654 282 titulos
688 241 771 281 alia
802 239 990 281 Palladis
1023 243 1114 280 arte
1146 241 1285 294 pet-as!

349 300 459 349 Quid
491 300 571 341 tibi
604 314 700 340 cum
732 298 942 340 calathis?
978 298 1114 351 clipeo
1147 312 1297 339 manus
1331 301 1431 352 apta
1462 298 1688 340 ferendost.

406 359 545 399 Pensa
578 358 678 411 quid
709 357 754 397 in
786 357 950 410 dextra,
983 371 1066 410 qua
1098 356 1219 398 cadet
1250 356 1431 411 Hector,
1462 357 1623 398 habes?

278 428 328 453 695
348 417 475 458 Reice
510 416 749 457 succinctos
783 429 962 469 operoso
996 415 1177 456 stamine
1209 414 1345 456 fusos:

408 475 700 523 Quassandast
730 474 813 514 ista
845 473 985 515 Pelias
1018 473 1141 514 hasta
1174 474 1318 514 manu!

346 533 477 574 Forte
510 536 601 574 erat
631 533 677 573 in
708 533 898 573 thalamo
930 532 1052 586 virgo
1084 531 1240 586 regalis
1274 531 1438 572 eodem:

405 591 521 632 Haec
553 591 676 632 illum
709 594 856 645 stupro
891 590 1083 644 conperit
1116 604 1206 630 esse
1239 590 1388 631 virum.

346 650 522 691 Viribus
554 650 628 690 illa
660 649 830 703 quidem
862 649 1017 690 victast
1049 648 1129 703 (ita
1161 648 1329 689 credere
1363 650 1571 703 oportet}7

278 717 328 740 700
408 707 488 749 Sed
520 708 657 749 voluit
688 708 800 748 vinci
832 707 993 748 viribus
1026 706 1099 747 illa
1131 710 1286 747 tamen.

349 766 482 820 Saepe
516 766 688 807 ‘mane2'
724 766 848 815 dixit,
880 781 975 807 cum
1007 765 1094 805 iam
1124 768 1373 819 properaret
1404 764 1612 806 Achilles:

406 825 555 866 Fortia
584 840 683 865 nam
716 825 858 879 posito
892 827 1131 878 sumpserat
1164 838 1281 864 arma
1313 823 1418 865 colo.

346 883 424 924 Vis
457 884 531 924 ubi
562 898 674 924 nunc
706 883 852 924 illast‘?
886 882 986 936 quid
1018 882 1174 923 blanda
1205 896 1307 923 voce
1339 882 1519 922 moraris

404 942 640 983 Auctorem
673 941 829 995 stupri,
861 940 1102 994 Deidamia,
1134 940 1226 981 tui‘?

277 1009 327 1033 705
348 999 520 1041 Scilicet
550 1003 599 1040 ut
630 1000 766 1053 pudor
798 1003 862 1039 est
896 999 1102 1052 quaedam
1134 998 1324 1052 coepisse
1355 998 1558 1052 priorem7

406 1057 474 1099 Sic
508 1058 591 1098 alio
626 1061 838 1112 gratumst
870 1057 1100 1111 incipiente
1132 1057 1235 1110 pati.

344 1116 400 1157 A!
432 1116 608 1157 nimiast
637 1116 779 1157 iuveni
810 1115 1006 1169 propriae
1038 1115 1194 1156 fiducia
1224 1114 1405 1169 formae,

404 1175 617 1229 Expectat
650 1174 801 1227 siquis,
834 1175 935 1214 dum
965 1173 1082 1227 prior
1113 1173 1187 1213 illa
1219 1176 1353 1228 roget.

345 1232 424 1274 Vir
454 1233 572 1287 prior
603 1233 793 1285 accedat,
825 1232 889 1272 vir
920 1232 1048 1272 verba
1078 1232 1299 1285 precantia
1331 1231 1463 1275 dicat:

277 1300 327 1324 710
406 1291 605 1345 Exeipiat
636 1291 813 1331 blandas
847 1290 1026 1331 comiter
1055 1290 1130 1333 illa
1161 1304 1318 1344 preces.

346 1348 405 1390 Ut
435 1349 619 1403 potiare,
650 1363 772 1403 roga:
805 1351 974 1390 tantum
1007 1349 1123 1403 cupit
1154 1348 1229 1389 illa
1259 1348 1421 1403 rogari3

403 1407 469 1448 Da
501 1422 674 1449 causam
704 1407 795 1447 voti
826 1406 1167 1461 principiumque
1198 1407 1278 1448 tui!

344 1466 537 1520 Iuppiter
569 1467 621 1506 ad
652 1469 814 1506 veteres
849 1465 1026 1519 supplex
1057 1465 1254 1506 heroidas
1285 1464 1394 1506 ibat:

405 1524 605 1578 Corrupit
637 1538 840 1579 magnum
871 1523 989 1564 nulla
1019 1523 1161 1577 puella
1192 1523 1348 1564 Iovem.

275 1592 325 1615 715
347 1582 391 1623 Si
423 1586 568 1623 tamen
599 1598 623 1623 a
654 1583 852 1636 precibus
884 1582 1070 1622 tumidos
1104 1582 1300 1623 accedere
1332 1581 1468 1623 fastus

405 1639 615 1695 Senseris,
646 1641 817 1694 incepto
849 1654 974 1694 parce
1005 1640 1198 1693 referque
1228 1640 1396 1694 pedem!

345 1698 464 1747 Quod
498 1699 669 1754 refugit,
700 1699 859 1739 multae
893 1698 1086 1752 cupiunt,
1119 1698 1261 1752 odere,
1294 1699 1407 1752 quod
1437 1698 1588 1739 instat:

402 1757 560 1798 Lenius
591 1757 791 1798 instando
823 1756 963 1797 taedia
994 1756 1097 1796 tolle
1129 1757 1210 1796 tui!

344 1815 435 1857 Neo
469 1830 634 1870 semper
665 1815 843 1856 Veneris
877 1829 972 1868 spes
1006 1818 1069 1855 est
1101 1814 1339 1868 profitenda
1370 1816 1558 1870 roganti:

275 1882 324 1906 720
404 1874 541 1914 Intret
573 1874 784 1914 amicitiae
816 1873 987 1914 nomine
1020 1876 1159 1914 tectus
1193 1887 1323 1914 amor.

343 1932 437 1973 Hoc
471 1932 587 1973 aditu
620 1932 705 1973 vidi
738 1931 914 1972 tetricae
947 1931 1045 1972 data
1076 1931 1206 1972 verba
1236 1931 1418 1986 puellae:

403 1990 483 2038 Qui
515 1990 655 2031 fuerat-
688 1990 844 2043 cultor,
875 1990 1013 2030 factus
1048 1993 1214 2030 amator
1245 1993 1346 2030 erat.

344 2048 557 2089 Candidus
589 2049 634 2089 in
664 2052 795 2089 nauta
828 2048 964 2102 turpis
999 2048 1130 2089 color:
1164 2047 1361 2101 aequoris
1393 2047 1505 2088 unda

402 2106 540 2147 Debet
573 2110 614 2147 et
647 2122 669 2147 a
701 2106 829 2148 radiis
863 2106 1011 2147 sideris
1045 2121 1135 2147 esse
1167 2106 1305 2161 niger3

274 2174 324 2199 725
343 2163 497 2218 Turpis
531 2168 571 2205 et
605 2165 833 2219 agricolae,
866 2165 938 2218 qui
970 2179 1139 2205 vomere
1171 2178 1336 2218 semper
1366 2164 1530 2205 adunco

402 2222 460 2262 Et
493 2223 693 2277 gravibus
725 2223 874 2264 rastris
908 2223 985 2263 sub
1018 2223 1118 2264 Iove
1150 2226 1291 2263 versat
1322 2222 1516 2276 humum3

343 2279 401 2320 Et
434 2283 524 2333 tua,
555 2280 770 2322 Palladiae
801 2281 963 2335 petitur
994 2281 1062 2322 cui
1093 2281 1236 2335 palma
1268 2295 1466 2335 coronae,

403 2336 590 2379 Candida
623 2339 658 2379 si
690 2339 849 2380 fuerint
882 2353 1078 2393 corpora7
1107 2339 1246 2393 turpis
1279 2339 1378 2380 eris:
