1674 2662
603 128 662 170 ΠΙ,
688 140 749 171 xn,
776 138 970 171 29—221111,
997 137 1040 162 20.
1437 127 1490 168 67

155 222 280 264 Nunc
314 237 482 276 quoque
514 237 590 276 per
620 236 774 276 pueros
806 222 956 263 iaculis
987 222 1215 263 incessitur
1245 222 1370 263 index

214 281 271 322 Et
303 281 489 335 pretium
522 281 687 321 auctori
718 281 904 321 vulneris
939 280 1033 334 ipsa
1065 281 1199 322 datur.

156 338 248 387 Qua
279 343 458 380 ventura
491 340 627 392 (least,
659 339 830 380 iuvenes
864 339 1120 392 timidaeque
1152 339 1317 393 puellae

214 397 498 438 Praeverrunt
528 398 638 438 latas
671 400 786 437 veste
819 397 982 438 iacente
1014 397 1122 437 vias:

102 467 134 491 25
154 454 350 510 Virginei
384 456 520 496 crines
554 469 656 496 auro
690 469 940 509 gemmaque
972 458 1242 509 premuntur,

213 513 271 554 Et
303 514 413 568 tegit
445 517 617 554 auratos
649 513 761 567 palla
795 514 977 567 superba-
1007 514 1152 567 pedes;

153 571 272 612 More
303 576 475 625 patrum
509 571 638 612 Graio
671 572 833 612 velatae
866 572 1056 612 vestibus
1090 571 1198 612 albis

212 630 386 670 Tradita
418 630 641 683 supposito
674 630 830 671 vertice
864 645 983 671 sacra
1013 629 1166 670 ferunt.

154 686 235 728 Ore
266 687 412 728 favent
442 688 590 742 populi
621 691 740 741 tunc,
773 703 868 728 cum
899 688 1015 728 venit
1049 702 1174 728 aurea
1206 702 1380 742 pompa,

101 757 134 782 ³0
212 745 312 799 Ipsa
345 747 584 787 sacerdotes
619 746 975 799 subsequiturque
1008 761 1115 787 suas.

153 804 358 858 Argivast
389 818 570 858 pompae
602 804 750 844 facies:
782 804 1104 858 Agamemnone
1139 818 1260 845 caeso

212 862 270 902 Et
303 862 439 903 scelus
473 865 514 902 et
546 862 707 915 patrias
739 861 852 916 fugit
884 862 1094 903 Halaesus
1128 877 1227 916 opes

153 919 327 973 Iamque
358 920 587 973 pererratis
620 919 827 974 profugus
854 923 1051 973 terraque
1082 920 1277 973 fretoque

211 977 382 1018 Moenia
412 978 527 1018 felici
561 977 749 1018 condidit
782 977 867 1017 alta
900 992 1045 1031 manu3

101 1046 133 1071 3⁵
152 1036 228 1077 Ille
263 1050 360 1076 suos
394 1035 537 1076 docuit
570 1035 752 1075 Iunonia
784 1050 903 1076 sacra
934 1035 1143 1076 Faliscos:

212 1092 307 1135 Sint
339 1094 462 1147 mihi,
495 1093 580 1134 sint
612 1093 770 1147 populo
805 1107 970 1148 semper
1003 1094 1137 1134 amica
1170 1095 1262 1134 suo!

30 1213 133 1248 XIIII.
154 1209 255 1250 Non
286 1224 384 1265 ego,
413 1224 465 1250 ne
497 1224 663 1263 pecces,
695 1224 791 1250 cum
821 1210 878 1250 sis
910 1209 1117 1263 formosa,
1147 1224 1314 1263 recuso,

213 1267 294 1308 Sed
324 1282 376 1308 ne
410 1268 467 1308 sit
498 1268 653 1308 misero
688 1268 793 1308 scire
825 1282 997 1309 necesse
1030 1267 1189 1320 mihi,*

152 1325 242 1367 Nec
273 1329 315 1366 te
347 1329 495 1366 nostra
525 1326 645 1366 iubet
676 1326 768 1366 fieri
801 1340 978 1367 censura
1008 1326 1223 1379 pudicam,

211 1383 292 1425 Sed
323 1387 485 1438 tamen,
515 1387 564 1425 ut
595 1388 778 1438 temptes
811 1383 1095 1437 dissimulare,
1126 1387 1261 1438 rogat.

116 1453 132 1477 5
151 1441 252 1483 Non
281 1446 446 1496 peccat,
479 1457 767 1496 quaecumque
799 1445 943 1496 potest
973 1456 1170 1496 peccasse
1200 1455 1374 1496 negare,

210 1499 393 1553 Solaque
424 1500 634 1541 famosam
666 1501 789 1555 culpa¹
820 1500 1013 1555 professa
1045 1500 1158 1541 facit.

151 1557 254 1606 Quis
286 1558 405 1599 furor
437 1562 518 1613 est,
551 1573 657 1612 quae
689 1562 813 1600 nocte
845 1559 999 1612 latent,
1029 1558 1074 1598 in
1105 1558 1197 1599 luce
1230 1558 1355 1599 fateri

209 1616 283 1669 Et,
316 1631 421 1670 quae
449 1617 558 1658 clam
589 1617 740 1671 facias,
771 1617 886 1658 facta
917 1617 1072 1657 referre
1105 1616 1275 1670 palam?

151 1674 305 1729 Ignoto
338 1675 538 1715 meretrix
572 1689 724 1729 corpus
755 1676 955 1716 iunctura
987 1674 1142 1723 Quiriti

99 1743 131 1767 10
209 1732 417 1786 Opposita-
447 1733 653 1787 populum
685 1737 923 1774 summovet
956 1736 1052 1774 ante
1086 1747 1194 1773 sera:

150 1790 213 1830 Tu
245 1794 319 1830 tua
349 1791 583 1844 prostitues
616 1791 753 1832 famae
784 1795 960 1845 peccata
992 1791 1187 1831 sinistrae

209 1847 436 1889 Commissi
467 1863 644 1904 perages
676 1850 963 1902 indiciumque
995 1849 1088 1889 tui'?

151 1905 215 1946 Sit
248 1906 329 1946 tibi
361 1922 479 1947 mens
511 1908 679 1961 melior,
711 1908 913 1948 saltemve
945 1907 1113 1947 imitare
1145 1906 1336 1961 pudicas,

207 1964 347 2017 Teque
378 1966 575 2019 probam,
608 1966 799 2018 quamvis
832 1980 918 2005 non
950 1965 1050 2018 eris,
1081 1979 1171 2006 esse
1203 1967 1366 2019 putem!

98 2032 129 2057 15
150 2021 264 2070 Quae
296 2022 419 2075 facis,
449 2023 553 2064 haec
585 2023 734 2077 facito,
765 2027 933 2063 tantum
964 2023 1115 2064 fecisse
1146 2027 1320 2078 negato,

207 2079 296 2120 Nec
328 2081 484 2133 pudeat
516 2095 659 2121 coram
684 2081 813 2121 verba
845 2081 1039 2121 modesta
1069 2081 1202 2134 loqui!

149 2137 229 2178 Est
261 2138 332 2192 qui
363 2138 599 2191 nequitiam
630 2139 748 2180 locus
783 2139 940 2194 exigat:
975 2139 1170 2180 omnibus
1202 2139 1323 2181 illum

207 2195 382 2236 Deliciis
414 2196 547 2250 inple,
579 2200 663 2237 stet
694 2197 842 2251 procul
873 2197 970 2238 inde
1001 2198 1153 2251 pudor!

148 2252 259 2294 Hinc
293 2254 418 2294 simul
450 2254 619 2307 exieris,
650 2255 823 2296 lascivia
855 2255 1050 2309 protinus
1084 2256 1220 2298 omnis

97 2321 129 2346 20
206 2311 351 2366 Absit,
383 2315 425 2353 et
455 2312 500 2352 in
530 2312 640 2353 lecto
674 2313 850 2354 crimina
880 2328 989 2367 pone
1021 2316 1114 2355 tuo!

1157 2383 1200 2400 -νε

1153 2396 1172 2416 o
1187 2399 1192 2403 .

0 2597 1674 2662 Q—
