1674 2662
619 145 645 188 I,
671 159 693 187 1,
721 155 877 187 20—111,
904 155 931 179 9.
1419 145 1446 186 3

173 239 316 282 Stabis
348 243 390 281 et
423 239 643 280 adiunctas
676 243 765 280 arte
798 239 988 280 movebis
1021 254 1136 294 aves3

111 298 332 339 Ducentur
363 298 478 352 capti
508 298 681 338 iuvenes
713 300 944 352 captaeque
983 298 1165 351 puellae:

170 356 286 398 Haec
318 356 399 397 tibi
430 356 682 410 magnificus
713 370 869 410 pompa
904 355 1146 410 triumphus
1179 356 1269 397 erit.

113 414 208 468 Ipse
241 428 338 469 ego,
369 414 525 468 praeda
555 428 713 468 recens,
743 413 905 455 factum
937 414 1062 455 modo
1094 414 1246 456 vuhius
1278 414 1444 455 habebo

59 484 92 508 ³0
171 472 229 513 Et
259 486 370 513 nova
401 471 569 526 captiva
600 472 769 513 vincula.
799 475 940 512 mente
973 472 1124 526 feram,

112 530 233 571 Mens
264 530 385 571 Bona
417 530 594 571 ducetur
625 530 821 573 manibus
852 532 952 584 post
983 534 1105 585 terga
1135 531 1310 572 retortis

169 588 228 629 Et
258 587 402 629 Pudor
433 592 475 628 et
507 588 656 629 castris
690 588 894 642 quidquid
924 588 1097 629 Amoris
1130 589 1263 630 obest.

112 645 264 687 Omnia
294 649 336 687 te
368 649 576 699 metuent,
609 646 660 687 ad
692 650 733 687 te
767 661 843 687 sua
874 647 1072 688 bracchia
1099 648 1275 688 tendens

168 704 336 759 Vulgus
370 704 441 745 ‘io'
474 719 629 759 magna
659 719 761 746 voce
795 705 1039 758 ‘triumphe’
1073 709 1205 747 canet.

59 775 90 799 35
111 762 351 803 Blanditiae
384 763 560 803 comites
593 763 674 803 tibi
706 766 829 803 erunt
860 763 1075 816 Errorque
1107 763 1346 818 Furorque,

169 821 356 861 Adsidue
388 824 531 874 partes
563 821 690 861 turba
722 824 867 861 secuta
898 824 1010 862 tuas:

110 878 190 919 His
222 883 270 920 tu
301 879 509 919 militibus
542 893 715 932 superas
746 879 1025 932 hominesque
1059 879 1261 934 deosque,

168 936 285 978 Haec
316 937 397 977 tibi
430 937 465 977 si
497 937 639 977 demas
672 937 913 990 commoda,
943 937 1081 977 nudus
1114 938 1208 977 eris.

109 994 242 1036 Laeta
272 994 555 1049 triumphanti
587 994 636 1035 de
669 1009 834 1035 summo
867 999 1003 1035 1113101
1035 994 1216 1049 Olympo

56 1065 90 1088 40
167 1052 347 1094 Plaudet
378 1056 420 1093 et
451 1052 667 1107 adpositas
700 1056 872 1108 sparget
902 1053 948 1093 in
980 1067 1053 1094 ora
1085 1067 1223 1108 rosas,

108 1110 172 1152 Tu
202 1111 354 1165 pinnas
388 1125 573 1166 gemma,
605 1125 772 1166 gemma
804 1111 995 1152 variante
1027 1112 1204 1166 capillos

167 1169 255 1210 Ibis
286 1169 332 1210 in
364 1169 524 1210 auratis
557 1184 709 1210 aureus
739 1169 831 1224 ipse
862 1170 981 1210 rotis.

108 1227 225 1268 Tunc
258 1242 424 1282 quoque
455 1242 542 1268 11011
572 1242 748 1282 paucos,
786 1228 821 1268 si
858 1232 901 1268 te
933 1228 1039 1269 bene
1077 1229 1294 1283 novimus,
1331 1245 1444 1283 ures,

167 1285 283 1326 Tunc
316 1299 483 1340 quoque
514 1286 773 1339 praeteriens
805 1286 980 1326 vulnera
1011 1286 1147 1328 multa
1179 1288 1318 1340 dabis3

55 1355 88 1380 45
109 1342 208 1384 Non
238 1347 437 1397 possunt,
466 1343 567 1384 licet
597 1343 687 1397 ipse
719 1343 843 1398 velis,
875 1358 1039 1385 cessare
1072 1345 1268 1400 sagittae,

166 1401 347 1442 Fervida
377 1401 517 1442 vicino
548 1401 721 1442 flamma
751 1416 907 1456 vapore
937 1406 1073 1443 nocet.

108 1459 222 1500 Talis
255 1462 347 1500 erat
378 1459 539 1500 domita
570 1459 763 1501 Bacchus
797 1460 1033 1515 Gangetide
1066 1464 1197 1502 terra:

166 1517 230 1558 Tu
262 1517 403 1573 gravis
436 1517 630 1571 alitibus,
662 1517 846 1572 tigribus
877 1518 949 1559 ille
981 1519 1074 1559 fuit.

108 1575 224 1630 Ergo
258 1590 353 1617 cum
384 1576 546 1630 possim
579 1575 688 1617 sacri
719 1591 817 1630 pars
851 1591 941 1617 esse
973 1577 1198 1631 triumphi,

55 1645 89 1670 50
165 1633 297 1675 Parce
329 1637 425 1675 tuas
456 1634 502 1674 in
533 1649 599 1674 me
630 1635 821 1688 perdere,
851 1635 1005 1688 victor,
1043 1637 1161 1690 opes!

107 1692 291 1746 Adspice
323 1692 495 1747 cognati
526 1692 667 1733 felicia-
699 1691 891 1734 Caesaris
925 1708 1061 1734 arma:

167 1749 259 1798 Qua
288 1750 404 1804 vicit,
434 1750 571 1791 victos
602 1751 793 1806 protegit
824 1751 896 1792 ille
928 1766 1067 1792 manu.

36 1870 93 1904 III?
107 1865 227 1907 Iusta
255 1880 420 1920 precor:
453 1880 560 1920 quae
591 1881 657 1908 me
688 1882 823 1922 nuper
851 1868 1053 1922 praedata
1084 1868 1284 1921 puellast,

164 1924 254 1965 Aut
287 1928 400 1965 amet
432 1928 505 1965 aut
535 1924 684 1977 faciat,
716 1940 789 1967 cur
821 1939 900 1980 ego
934 1940 1099 1979 semper
1131 1929 1284 1968 amem!

106 1982 157 2036 A,
187 1982 366 2023 nimium
398 1982 528 2023 volui!
561 1986 730 2023 tantum
760 1984 949 2037 patiatur
981 1984 1131 2024 amari:

165 2040 361 2081 Audierit
390 2044 560 2082 nostras
593 2044 660 2081 tot
692 2040 902 2105 Cytlierea
931 2043 1094 2095 preces!

71 2109 87 2134 5
108 2098 283 2152 Accipe,
312 2113 388 2152 per
417 2099 569 2154 longos
602 2099 684 2139 tibi
716 2099 788 2152 qui
820 2099 1029 2141 deserviat
1061 2114 1213 2155 annos,

164 2156 340 2210 Accipe,
372 2157 445 2210 qui
475 2172 582 2211 pura
612 2157 727 2197 norit
760 2172 900 2198 amare
931 2158 1029 2199 fide!

107 2213 151 2255 Si
183 2229 249 2255 me
279 2229 367 2255 non
397 2218 589 2256 veterum
622 2215 920 2256 commendant
951 2231 1108 2272 magna
1137 2221 1363 2272 parentum

163 2271 368 2326 Nomina,
400 2273 435 2314 si
465 2273 603 2314 nostri
635 2273 854 2329 sanguinis
887 2278 1036 2316 auctor
1068 2290 1214 2330 eques,

105 2329 194 2372 Nec
225 2346 345 2372 meus
375 2331 609 2373 innumeris
641 2336 869 2374 renovatur
901 2347 1074 2388 campus
1107 2334 1278 2389 aratris,

1111 2403 1158 2434 1*
