1674 2662
636 181 695 225 111,
719 191 882 217 499—572.
1349 180 1433 222 239

157 275 323 318 Nomen
356 276 486 317 habet
517 275 731 329 Nemesis,
763 274 948 330 Cynthia
978 290 1134 317 nomen
1164 275 1312 331 habet,

98 333 261 389 Vesper
293 337 336 375 et
367 335 482 375 ane
514 349 669 376 novere
700 333 910 388 Lycorida
941 337 1096 388 terrae,

157 392 214 433 Et
246 392 389 446 multi,
421 407 527 446 quae
561 392 617 434 sit
647 395 795 433 nostra
827 390 1030 447 Corinna,
1060 395 1225 447 rogant.

99 451 235 504 Adde,
268 451 380 504 quod
410 450 588 491 insidiae
621 450 751 492 sacris
785 465 809 491 a
840 451 1009 492 vatibus
1042 451 1216 504 absunt,

28 520 80 547 540
157 509 215 550 Et
246 508 350 550 facit
383 509 434 550 ad
465 523 604 550 mores
637 523 704 550 ars
737 523 904 562 quoque
934 512 1084 550 nostra
1115 523 1225 549 suos.

99 566 187 608 Nec
220 581 297 608 nos
331 567 508 608 ambitio
540 582 615 608 nec
649 581 767 608 amor
797 581 875 608 nos
907 567 1048 621 tangit
1079 567 1280 608 habendi:

159 623 415 679 Contempto
448 625 603 666 colitur
633 625 768 666 lectus
801 629 843 666 et
874 625 1025 666 umbra
1056 625 1161 666 foro.

101 681 181 724 Sed
214 682 336 724 facile
368 683 591 724 haeremus
622 683 845 737 validoque
877 683 1117 737 perurimur
1149 687 1270 724 aestu

157 741 215 782 Et.
246 741 426 782 nimium
457 744 570 782 certa
604 741 758 782 scimus
792 756 932 782 amare
963 741 1055 782 fide.

30 810 80 835 545
103 798 273 840 Scilicet
305 799 523 854 ingenium
553 799 719 854 placida
750 799 941 840 mollitur
972 800 1023 841 ab
1057 802 1165 855 arte,

158 857 216 898 Et
248 857 388 898 studio
421 871 560 898 mores
593 857 890 898 convenienter
921 862 1032 898 eunt.

100 914 282 956 Vatibus
315 915 465 956 Aoniis
496 915 642 956 faciles
674 919 829 969 estote,
859 915 1042 969 puellae:

158 972 327 1013 Numen
357 973 469 1013 inest
500 973 604 1027 illis,
634 973 906 1026 Pieridesque
938 973 1092 1014 favent.

98 1030 178 1071 Est
211 1031 310 1071 deus
342 1030 388 1070 in
417 1031 560 1084 nobis,
592 1034 633 1071 et
666 1034 764 1072 sunt
797 1031 1049 1073 commercia
1080 1031 1202 1073 caeli:

29 1099 80 1125 550
161 1084 338 1129 Sedibus
371 1088 570 1130 aetheriis
604 1089 778 1143 spiritus
809 1089 881 1130 ille
912 1089 1040 1130 venit.

98 1147 137 1187 A
169 1146 304 1187 doctis
336 1146 520 1200 pretium
553 1147 687 1188 scelus
722 1151 786 1188 est
819 1162 986 1201 sperare
1017 1148 1174 1201 poetis:

156 1203 225 1244 Me
257 1204 475 1244 miserum!
508 1205 644 1245 scelus
676 1205 757 1246 hoc
789 1205 905 1246 nulla
937 1205 1078 1259 puella
1110 1206 1244 1246 timet.

99 1261 377 1302 Dissimulate
408 1265 552 1302 tamen
581 1276 657 1303 nec
689 1263 825 1316 prima
857 1263 997 1303 fronte
1029 1278 1203 1317 rapaces

158 1319 278 1360 Este:
310 1333 445 1360 novus
476 1320 568 1360 viso
602 1334 718 1361 casse
749 1320 919 1361 resistet
952 1335 1110 1361 amans.

29 1389 80 1414 555
102 1377 183 1419 Sed
215 1391 350 1431 neque
382 1380 526 1419 vector
557 1392 728 1432 equum,
761 1378 833 1431 qui
863 1393 997 1432 nuper
1029 1378 1162 1419 sensit
1191 1379 1399 1433 habenas,

159 1433 424 1489 Conparibus
457 1435 586 1476 frenis
619 1436 908 1489 artificemque
939 1440 1077 1491 reget,

100 1492 188 1534 Nec
222 1493 388 1534 stabilis
421 1493 584 1534 animos
618 1494 738 1534 annis
769 1494 1029 1548 viridemque
1061 1495 1278 1536 iuventam

159 1549 218 1592 Ut
251 1551 410 1605 capias,
441 1551 553 1592 idem
584 1551 705 1592 limes
739 1552 926 1607 agendus
958 1552 1048 1593 erit.

99 1608 179 1650 Hic
213 1609 327 1650 rudis
360 1612 401 1650 et
433 1610 583 1650 castris
614 1624 726 1651 nunc
758 1610 943 1664 primum
973 1613 1102 1650 notus
1134 1610 1326 1665 Amoris,

30 1678 81 1703 560
160 1667 241 1716 Qui
273 1667 418 1722 tetigit
449 1667 660 1709 thalamos
691 1668 848 1722 praeda
878 1668 1045 1709 novella
1075 1671 1191 1722 tuos,

100 1724 157 1765 Te
191 1724 325 1766 solam
355 1725 487 1778 norit,
518 1725 599 1766 tibi
632 1740 796 1780 semper
826 1726 1046 1767 inhaereat
1077 1726 1167 1766 uni:

159 1780 417 1837 Cingendast
450 1783 547 1824 altis
579 1784 776 1838 saepibus
808 1784 892 1825 ista
925 1798 1055 1839 seges.

99 1840 251 1894 Effuge
283 1840 474 1881 rivalem!
507 1841 667 1894 vinces,
698 1842 798 1893 dum
830 1841 920 1883 sola
951 1842 1132 1883 tenebis:

158 1897 258 1939 Non
290 1898 524 1940 bene-cum
557 1899 682 1940 sociis
714 1913 844 1954 regna
876 1899 1106 1954 Venusque
1138 1903 1321 1940 manent.

29 1967 80 1993 565
100 1955 177 1996 Ille
209 1959 330 1997 vetus
362 1956 482 1997 miles
516 1957 671 1997 sensim
703 1960 745 1998 et
778 1957 990 2011 sapienter
1022 1957 1183 1998 amabit

157 2013 375 2068 Multaque
406 2014 536 2055 tironi
567 2028 654 2055 non
684 2015 882 2069 patienda
914 2015 1037 2056 feret:

98 2070 187 2112 Nec
219 2071 387 2126 franget
418 2075 562 2126 postes
594 2086 671 2114 nec
703 2073 838 2114 saevis
869 2073 1041 2128 ignibus
1073 2076 1168 2114 uret

156 2128 246 2171 Nec
279 2130 472 2171 dominae
505 2133 670 2171 teneras
704 2131 874 2185 adpetet
905 2145 1045 2186 ungue
1078 2145 1207 2187 genas

98 2185 186 2228 Nec
220 2187 382 2228 scindet
412 2188 630 2229 tunicasve
662 2203 759 2229 suas
790 2189 1007 2230 timicasve
1037 2189 1220 2243 puellae,

28 2256 79 2282 570
156 2244 245 2287 Nec
278 2249 425 2300 raptus
457 2246 583 2287 fiendi
615 2260 742 2288 causa
774 2246 950 2301 capillus
983 2247 1074 2288 erit.

97 2302 188 2344 Ista
219 2303 367 2345 decent
398 2318 552 2358 pueros
585 2307 723 2345 aetate
755 2307 797 2345 et
829 2319 971 2346 amore
1004 2305 1206 2360 calentes,

155 2360 235 2402 Hic
268 2361 357 2403 fera
389 2362 610 2416 conposita
640 2362 814 2404 vulnera
845 2366 984 2404 mente
1016 2363 1141 2419 feret,
