1690 2656
227 142 282 182 ’72
749 139 1040 174 HEROIDES.

286 237 488 278 Traditur
518 236 617 277 huic
652 235 799 289 digitis
833 234 982 275 charta
1013 237 1164 274 notata
1195 234 1312 275 meis.

225 295 318 338 Nos
351 295 506 349 Pylon,
539 293 704 346 antiqui
736 292 887 333 Neleia
918 291 1115 333 Nestoris
1148 307 1265 346 arva,

286 354 499 395 Misimus:
531 353 739 392 incertast
770 351 885 391 fama
915 350 1094 391 remissa
1125 349 1250 404 Pylo3

173 423 207 447 ⁶5
227 413 424 454 Misimus
457 414 499 451 et
533 409 729 464 Sparten:
764 407 916 463 Sparte
950 423 1117 462 quoque
1148 408 1291 449 nescia
1322 408 1422 449 veri.

288 471 400 519 Quas
433 469 604 509 habitas
637 471 771 508 terras
805 470 878 507 aut
909 466 983 507 ubi
1014 467 1155 507 lentus
1188 466 1317 507 abes?

227 528 388 570 Utilius
422 529 585 567 starent
617 526 861 566 etiamnunc
893 525 1062 565 moenia
1091 524 1273 565 Phoebi:

289 587 476 641 (Irascor
507 585 620 625 votis
652 584 752 624 heu!
786 583 890 624 levis
922 583 1017 637 ipsa
1048 583 1170 633 meis)

231 645 410 697 Scirem,
441 643 515 684 ubi
547 657 779 697 pugnares,
812 645 853 682 et
885 644 1053 682 tantum
1084 641 1198 682 bella
1228 641 1442 694 timerem,

175 714 208 738 70
286 704 345 744 Et
377 717 471 743 mea
503 717 599 742 cum
631 701 778 741 multis
810 700 958 740 iuncta
990 699 1161 753 querela
1192 699 1314 739 foret.

229 762 340 810 Quid
371 761 566 814 timeam,
596 759 768 814 ignoro3
800 758 931 799 timeo
964 761 1109 798 tamen
1142 757 1284 798 omnia
1316 757 1507 810 demens,

286 820 344 861 Et
375 822 496 873 patet
527 818 573 858 in
605 832 727 859 curas
760 832 857 858 area
887 817 975 857 lata
1008 830 1142 856 meas:

229 878 527 930 Quaecumque
555 890 713 929 aequor
739 875 881 928 habet,
906 888 1196 927 qua-ecumque
1221 873 1410 927 pericula
1431 872 1572 926 tellus,

287 937 390 977 Tam
424 936 578 990 longae
612 949 760 975 causas
794 933 988 987 suspicor
1019 947 1110 973 esse
1142 946 1298 972 morae.

175 1004 209 1029 '²5
228 995 346 1036 Haec.
378 1008 457 1049 ego
491 994 591 1034 dum
624 992 754 1033 stulte
786 994 949 1040 metuo,
982 1005 1087 1044 quae
1120 993 1262 1030 vestra
1292 988 1486 1042 libidost,

288 1053 395 1093 Esse
426 1051 653 1106 peregrino
685 1052 834 1104 captus
868 1063 1010 1090 amore
1042 1051 1184 1102 potes3

229 1111 432 1152 Forsitan
464 1113 505 1150 et
537 1123 702 1162 narres,
734 1123 862 1161 quam
895 1107 950 1147 sit
982 1107 1063 1147 tibi
1095 1105 1256 1146 rustica
1288 1105 1489 1158 coniunx,

289 1169 405 1217 Quae
437 1171 606 1208 tantum
638 1167 757 1207 lanas
789 1180 875 1206 non
909 1165 1021 1205 sinat
1053 1179 1144 1205 esse
1175 1164 1312 1204 rudes.

229 1228 392 1280 Falla1·,
423 1230 465 1267 et
496 1226 577 1266 hoc
610 1225 770 1266 crimen
800 1227 949 1264 tenues
981 1225 1183 1263 vanescat
1213 1222 1259 1262 in
1291 1236 1434 1276 auras,

176 1296 210 1320 80
288 1285 424 1338 Neve,
455 1283 693 1324 revertendi
725 1282 854 1335 liber,
886 1281 1034 1322 abesse
1066 1280 1189 1321 velis!

229 1344 298 1384 Me
329 1346 452 1397 pater
484 1342 645 1383 Icarius
678 1341 805 1381 viduo
839 1339 1051 1380 discedere
1083 1339 1194 1379 lecto

289 1402 417 1456 Cogit
450 1404 491 1441 et
523 1400 739 1440 inmensas
771 1399 965 1451 increpat
997 1411 1130 1450 usque
1163 1410 1317 1437 moras.

229 1460 426 1514 Increpet
458 1473 592 1512 usque
624 1458 741 1498 licet!
774 1460 850 1497 tua
876 1471 988 1508 sum,
1019 1459 1094 1496 tua
1120 1455 1235 1496 dicar
1267 1457 1453 1508 oportet:

287 1518 499 1571 Penelope
532 1516 717 1557 coniunx
750 1529 916 1568 semper
947 1513 1086 1554 Ulixis
1119 1527 1202 1553 ero.

176 1587 209 1611 55
230 1577 307 1617 Ille
339 1579 484 1617 tamen
514 1575 675 1629 pietate
707 1588 802 1613 mea
832 1572 1113 1626 precibusque
1144 1570 1309 1625 pudicis

287 1634 522 1689 Frangitur
553 1636 595 1673 et
626 1632 737 1673 Vires
770 1633 979 1684 temperat
1009 1630 1101 1683 ipse
1134 1644 1250 1669 suas:

229 1693 420 1734 Dulichii
453 1691 670 1744 Samiique
704 1693 763 1743 et,
796 1703 902 1743 quos
934 1688 1035 1728 tulit
1068 1687 1154 1727 alta
1186 1686 1445 1741 Zacynthos,

289 1752 431 1792 Turba
463 1752 593 1791 ruunt
624 1749 669 1789 in
700 1762 767 1788 me
801 1746 1021 1787 luxuriosa
1051 1745 1171 1799 proci

229 1810 363 1863 Inque
395 1812 470 1849 tua
500 1810 684 1863 regnant
713 1806 842 1846 nullis
874 1803 1201 1859 prohibentibus
1235 1802 1348 1857 aula3

178 1878 210 1902 90
288 1868 465 1908 Viscera
496 1869 663 1919 nostra,
693 1868 792 1905 tuae
826 1863 1111 1904 dilacerantur
1143 1875 1256 1915 opes.

230 1925 339 1974 Quid
376 1925 456 1965 tibi
494 1924 749 1965 Pisandrum
784 1921 1077 1976 Polybumque
1109 1919 1394 1972 Medontaque
1433 1918 1570 1959 dirum

289 1983 633 2037 Eurymachique
666 1981 809 2022 avidas
842 1979 1106 2032 Antinoique
1138 1992 1288 2018 manus

229 2042 373 2095 Atque
407 2041 512 2081 alios
545 2040 744 2093 referam,
777 2053 882 2092 quos
917 2037 1054 2078 omnis
1087 2036 1271 2089 turpiter
1303 2034 1455 2075 absens

289 2100 385 2153 Ipse
417 2102 493 2138 tuo
525 2099 659 2151 partis
694 2097 900 2152 sanguine
932 2096 1058 2136 rebus
1092 2094 1199 2135 alis?

177 2168 210 2194 95
230 2158 325 2199 Irus
359 2171 487 2211 egens
518 2157 768 2210 pecorisque
801 2154 1062 2195 Melanthius
1095 2155 1214 2193 actor
1246 2151 1396 2192 edendi

289 2214 478 2256 Ultimus
512 2215 715 2254 accedunt
750 2213 796 2253 in
827 2216 901 2253 tua
934 2213 1088 2252 damna
1118 2210 1265 2264 pudor.

161 2285 211 2310 103
231 2274 343 2314 Hinc
375 2273 538 2313 faciunt
571 2275 797 2324 custosque
829 2271 960 2311 boum
991 2270 1282 2323 longaevaque
1313 2264 1475 2319 nutrix,

289 2331 459 2372 Tertius
490 2330 718 2370 inmundae
752 2344 853 2369 cura.
883 2328 1020 2368 fidelis
1052 2327 1198 2367 harae!
