1690 2656
230 140 258 179 4
776 137 1012 172 AMORUM

179 246 212 270 10
289 234 516 289 Temperat
548 237 589 275 et
623 236 816 287 sumptus
848 246 1000 286 parcus
1033 235 1210 286 uterque
1241 246 1411 286 parens:

231 293 290 334 At
323 293 521 334 Phoebus
555 292 815 344 comitesque
847 304 1000 331 novem
1031 290 1214 344 vitisque
1245 293 1437 344 repertor

289 351 402 393 Hinc
433 351 613 402 faciunt,
646 353 690 390 at
722 363 787 389 me
821 348 892 402 qui
924 348 1004 389 tibi
1037 349 1185 402 donat,
1215 347 1368 403 Amor,

231 409 290 450 At
321 410 427 450 nulli
460 423 630 450 cessura
660 408 780 461 fides,
819 407 908 447 sine
941 406 1115 448 crimine
1147 421 1286 448 mores

290 467 497 520 Nudaque
530 465 782 520 simplicitas
813 479 1131 519 purpureusque
1162 465 1308 519 pudor.

180 537 212 562 15
232 525 332 567 Non
364 525 468 565 mihi
500 524 615 565 mille
646 524 834 578 placent,
865 538 952 564 non
984 538 1078 564 sum
1111 523 1300 564 desultor
1332 522 1507 564 amoris:

289 583 353 624 Tu
385 583 508 637 mihi,
540 582 663 635 siqua
693 582 817 636 fides,
848 596 948 623 cura
978 581 1175 636 perennis
1208 581 1309 635 eris3

231 642 408 695 Tecum,
441 655 546 694 quos
580 640 771 681 dederint
803 654 935 681 annos
968 640 1074 680 mihi
1105 640 1177 680 fila
1209 653 1422 693 sororum,

288 700 442 741 Vivere
475 699 699 764 contingat
729 702 855 752 teque
888 698 1056 739 dolente
1088 697 1215 763 niori,

230 758 288 799 Te
320 758 426 799 mihi
458 757 679 799 materiem
710 757 878 798 felicem
908 757 954 797 in
985 756 1173 797 carmina
1203 756 1377 810 praebe:

178 828 211 852 20
289 816 546 858 Provenient
578 830 706 857 causa
737 815 925 856 carmina
956 815 1086 869 digna
1117 829 1203 855 sua.

231 873 428 916 Carmine
459 888 616 915 nomen
646 874 807 914 habent
839 873 1043 914 exterrita
1074 872 1274 913 cornibus
1306 871 1354 912 Io

288 933 347 973 Et
379 947 507 986 quam
538 932 739 972 fluminea
769 931 873 971 lusit
905 931 1070 971 adulter
1102 945 1177 971 ave

232 990 431 1044 Quaeque
464 1005 589 1044 super
620 993 801 1044 pontum
833 989 1033 1030 simulato
1065 991 1188 1029 vecta
1217 988 1395 1030 iuvenco

290 1049 496 1103 Virginea
527 1049 664 1089 tenuit
697 1062 856 1089 cornua
886 1062 986 1088 vara
1017 1061 1163 1088 manu:

179 1118 212 1143 25
231 1106 323 1149 Nos
356 1121 524 1160 quoque
555 1121 630 1160 per
660 1109 801 1146 totum
832 1105 992 1159 pariter
1024 1104 1292 1146 cantabimur
1326 1105 1490 1159 orbem,

289 1165 523 1219 Iunctaque
557 1179 721 1218 semper
753 1166 877 1205 erunt
908 1163 1083 1204 nomina
1114 1166 1262 1204 nostra
1294 1163 1390 1204 tuis.

121 1284 199 1321 1111.
226 1281 304 1323 Vir
335 1284 434 1322 tuus
467 1284 532 1321 est
565 1280 709 1334 epulas
741 1280 866 1320 nobis
899 1279 1089 1320 aditurus
1122 1279 1308 1320 easdem:

289 1339 454 1380 Ultima
485 1353 615 1380 coena
646 1342 720 1379 tuo
754 1338 828 1392 sit,
858 1352 1025 1391 precor,
1054 1337 1130 1378 illa
1160 1337 1263 1378 viro.

230 1398 347 1452 Ergo
381 1411 460 1452 ego
493 1397 692 1438 dilectam
722 1399 892 1437 tantum
925 1395 1103 1437 conviva
1134 1395 1321 1449 puellam

289 1455 564 1510 Adspiciam‘?
597 1454 718 1509 tangi
751 1469 876 1508 quem
906 1454 1036 1508 iuvet,
1068 1453 1175 1494 alter
1207 1453 1299 1507 erit,

196 1526 211 1551 5
231 1513 506 1567 Alteriusque
539 1513 656 1554 sinus
689 1516 786 1566 apte
819 1512 1010 1553 subiecta
1040 1511 1235 1552 fovebis?

290 1572 443 1613 Iniciet
476 1571 603 1625 collo,
635 1586 731 1612 cum
762 1570 893 1622 volet,
923 1570 995 1611 ille
1027 1569 1229 1610 manum?

232 1631 389 1671 Desine
421 1630 585 1680 mirari,
620 1629 762 1683 posito
797 1629 910 1682 quod
942 1628 1119 1669 candida
1150 1627 1249 1668 vino

292 1689 461 1729 Atracis
495 1688 719 1742 ambiguos
751 1687 883 1728 traxit
913 1687 959 1727 in
990 1701 1109 1727 arma
1139 1686 1271 1740 viros3
1359 1686 1569 1738 [haerentz

233 1746 324 1788 Nec
367 1747 472 1787 mihi
516 1746 623 1787 silva
662 1746 830 1800 domus,
871 1759 948 1786 nec
992 1759 1099 1799 equo
1141 1759 1235 1785 mea
1274 1745 1465 1785 membra
1505 1759 1570 1786 co-

182 1817 215 1841 10
294 1805 377 1845 Vix
409 1820 433 1846 a
464 1808 506 1845 te
538 1804 684 1845 videor
714 1818 840 1858 posse
872 1806 1015 1844 tenere
1047 1817 1209 1844 manus.

237 1863 351 1912 Quae
383 1863 463 1903 tibi
497 1863 582 1903 sint
613 1862 808 1903 facienda
839 1864 1001 1915 tamen,
1033 1875 1242 1916 cognosce
1273 1874 1351 1901 nec
1382 1860 1510 1901 Euris

292 1921 360 1962 Da
390 1935 485 1961 mea
515 1935 592 1962 nec
624 1920 780 1974 tepidis
812 1920 941 1961 verba
971 1919 1144 1960 ferenda
1175 1918 1319 1959 Notis*

235 1979 348 2019 Ante
381 1979 494 2032 veni,
526 1994 654 2033 quam
684 1978 764 2019 vir!
796 1993 874 2019 nec
907 1978 1025 2032 quid,
1057 1977 1093 2019 si
1124 1977 1289 2018 veneris
1322 1979 1439 2030 ante,

293 2036 437 2077 Possit
470 2037 558 2091 agi,
588 2037 729 2091 xideo,
768 2037 840 2078 sed
871 2039 1015 2077 tamen
1047 2038 1145 2076 ante
1176 2035 1288 2076 veni!

184 2106 216 2131 15
237 2093 344 2136 Cum
375 2098 539 2148 premet
570 2095 641 2135 ille
673 2071 834 2149 toi·,um
865 2095 987 2136 vultu
1019 2108 1159 2135 comes
1192 2094 1286 2147 ipsa
1317 2093 1511 2134 modesto

294 2152 402 2207 Ibis,
432 2155 481 2192 ut
513 2153 756 2208 accumbas,
788 2153 898 2194 clam
930 2152 1035 2193 mihi
1066 2155 1194 2207 tange
1226 2151 1393 2205 pedem3

235 2210 304 2251 Me
337 2213 483 2265 specta
513 2214 726 2264 nutusque
759 2226 876 2252 meos
909 2211 1159 2264 vultumque
1190 2210 1430 2264 loquacem,

294 2268 454 2322 Excipe
486 2268 667 2309 furtivas
701 2272 743 2310 et
774 2270 884 2310 refer
913 2269 1007 2323 ipsa
1037 2269 1178 2310 notas!

236 2326 381 2368 Verba
413 2326 649 2381 superciliis
683 2327 771 2367 sine
803 2342 904 2369 voce
936 2327 1155 2382 loquentia
1187 2327 1339 2367 dicam:
