1674 2662
482 122 558 156 XV.
586 122 715 168 [XVI]
742 122 902 157 PARIS
929 133 1089 158 ile—189.
1379 122 1461 163 135

126 217 246 266 Quod
277 217 436 271 rapuit,
468 217 612 271 laud03
644 218 792 271 miror,
825 218 937 270 quod
968 218 1149 258 reddidit
1182 233 1400 272 umquam:

183 275 287 316 Tam
320 276 429 316 bona
463 279 709 316 constanter
740 276 895 330 praeda
927 276 1107 316 tenenda
1139 276 1237 331 fuit3

124 334 235 374 Ante
267 334 511 375 recessisset
543 338 670 387 caput
701 334 781 374 hoc
815 334 974 375 cerw'ce
1009 338 1201 388 cruenta,
1412 345 1460 371 155

183 391 318 440 Quam
350 395 397 432 tu
430 393 478 433 de
511 392 712 432 thalamis
746 392 1038 433 abstraherere
1072 393 1188 433 meis.

55 460 104 485 155
124 450 236 490 Tene
268 464 417 490 manus
450 465 648 503 umquam
683 454 854 491 nostrae
887 451 1100 491 dimittere
1133 451 1317 491 vellent?

182 508 293 549 Tene
326 522 419 548 meo
452 512 620 561 paterer
650 508 770 549 vivus
805 508 920 548 abire
952 508 1075 549 sinu?

126 565 170 606 Si
201 566 409 606 reddenda
441 566 572 619 fores,
604 566 764 620 aliquid
795 570 938 607 tamen
971 570 1067 607 ante
1100 566 1313 620 tulissem,

182 623 271 665 Nec
298 624 442 665 Venus
476 640 526 665 ex
558 627 651 665 toto
683 628 831 665 nostra
862 624 1013 665 fuisset
1045 625 1175 665 iners:
1410 636 1460 660 160

123 682 203 723 Vel
236 682 341 722 mihi
373 682 596 736 virginitas
631 687 755 723 esset*
774 683 907 723 libata
939 683 1004 723 vel
1036 683 1160 737 illud,

54 751 104 775 160
182 739 303 788 Quod
334 744 502 794 poterat
535 741 650 781 salva
682 741 927 794 virginitate
960 741 1064 794 rapi.

123 798 189 839 Da
221 799 345 839 modo
378 803 436 839 te:
471 814 576 852 quae
610 799 664 839 sit
697 799 860 839 Paridis
895 799 1153 852 constantia,
1184 813 1353 853 nosces3

181 856 374 897 Flamma
405 857 500 911 rogi
531 857 724 897 flammas
757 857 876 897 finiet
907 872 991 897 una
1024 872 1151 897 meas.

122 914 353 968 Praeposui
385 915 527 969 regnis
561 929 639 969 ego
672 919 732 967 te,
765 929 870 968 quae
902 915 1088 955 maxima
1121 915 1334 968 quondam
1410 925 1459 949 165

179 972 421 1013 Pollicitast
450 972 574 1013 nobis
607 976 741 1026 nupta
773 987 976 1026 sororque
1008 973 1141 1026 Iovis,

52 1042 101 1066 165
121 1030 318 1084 Dumque
350 1034 424 1071 tuo
457 1045 626 1084 possem
659 1031 917 1072 circumdare
949 1031 1151 1071 bracchia
1184 1031 1292 1072 collo
1302 1065 1312 1085 ,

180 1087 479 1142 Contemptast
510 1089 645 1129 virtus
678 1089 849 1130 Pallade
882 1090 1007 1129 dante
1040 1089 1156 1129 mihi.

120 1146 209 1188 Nec
241 1147 378 1201 piget,
410 1150 483 1187 aut
515 1162 716 1200 umquam
749 1147 878 1188 stulte
910 1147 1065 1202 legisse
1098 1147 1291 1187 videbor:

178 1204 406 1245 Permanet
436 1205 481 1244 in
512 1208 611 1246 voto
644 1220 762 1245 mens
794 1220 888 1245 mea
919 1206 1042 1245 firma
1074 1220 1162 1245 suo.
1410 1216 1460 1240 1ῖο

122 1262 248 1317 Spem
281 1263 406 1303 modo
438 1277 490 1303 ne
521 1266 714 1303 nostram
744 1264 836 1303 fieri
866 1263 1028 1316 patiare
1062 1264 1280 1316 caducam,

52 1333 102 1357 1ῖο
179 1321 412 1375 Deprecor,
445 1336 468 1361 o
500 1324 620 1361 tanto
654 1321 782 1375 digna
812 1321 957 1361 labore
990 1321 1094 1374 peti!

120 1379 220 1420 Non
252 1393 331 1434 ego
365 1379 611 1433 coniugium
645 1393 874 1433 generosae
911 1379 1091 1433 degener
1126 1383 1246 1433 opto,

179 1436 269 1478 Nec
301 1452 412 1491 mea,
445 1438 564 1478 crede
597 1437 719 1491 mihi,
750 1437 933 1491 turpiter
965 1452 1071 1477 uxor
1104 1437 1204 1477 eris:

120 1496 285 1549 Pliada,
318 1496 353 1536 si
387 1510 580 1549 quaeres,
610 1495 655 1535 in
686 1499 832 1536 nostra
866 1498 990 1550 gente
1023 1495 1251 1548 Iovemque
1410 1508 1459 1532 175

178 1553 391 1607 Invenies,
423 1553 582 1594 medios
615 1556 663 1594 ut-
694 1557 909 1594 taceamus
942 1568 1060 1605 avosg

52 1623 101 1648 1ῖ5
122 1611 298 1666 Sceptra
328 1626 480 1665 parens
514 1612 659 1665 Asiae,
691 1627 773 1663 qua
804 1612 921 1652 nulla
952 1612 1117 1652 beatior
1151 1615 1282 1665 orast,

179 1669 376 1725 (Finibus
407 1670 611 1710 inmensis
643 1669 713 1710 vix
747 1670 975 1719 obeundalf)
1008 1673 1141 1710 tenet:

119 1728 368 1769 Innumeras
400 1728 526 1768 urbes
559 1731 685 1780 atque
718 1743 845 1768 aurea
876 1731 989 1769 tecta
1020 1728 1201 1781 videbis,

179 1786 378 1839 Quaeque
411 1800 508 1826 suos
543 1786 656 1826 dicas
688 1786 847 1839 templa
880 1786 1024 1826 decere
1058 1787 1176 1839 deos,
1409 1797 1460 1822 180

120 1844 232 1885 Ilion
263 1844 470 1898 adspicies
502 1844 755 1897 firmataque
787 1844 977 1884 turribus
1011 1844 1109 1884 altis

52 1913 101 1938 180
179 1902 366 1955 Moenia,
397 1901 618 1942 Phoebeae
653 1905 815 1942 structa
848 1916 999 1942 canore
1031 1902 1157 1955 lyrae.

121 1960 231 2008 Quid
262 1961 342 2000 tibi
375 1961 424 2000 de
455 1960 581 2000 turba
612 1974 779 2000 narrem
810 1974 1069 2013 numeroque
1102 1960 1319 2000 virorum?

178 2018 263 2058 Vix
294 2018 499 2072 populum
531 2017 657 2058 tellus
690 2018 872 2058 sustinet
904 2018 977 2058 illa
1010 2033 1150 2072 suum,

122 2075 354 2116 Occurrent
386 2076 514 2116 denso
547 2075 628 2115 tibi
660 2075 844 2116 Troades
878 2076 1045 2130 agmine
1078 2079 1255 2130 matres,
1408 2089 1457 2114 185

178 2133 268 2174 Nec
302 2134 468 2187 capient
501 2133 709 2188 Phrygias
743 2134 852 2175 atria
882 2137 1031 2175 nostra
1061 2148 1204 2174 nurus.

51 2203 100 2227 185
122 2191 155 2232 O
189 2192 384 2244 quotiens
417 2191 529 2232 dices
564 2191 705 2245 ‘quam
735 2206 896 2246 pauper
926 2192 1090 2233 Achaia
1120 2193 1344 2233 nostrast?

179 2249 276 2290 Una
308 2250 457 2290 domus
490 2250 660 2302 quaevis
693 2250 810 2290 urbis
842 2250 1018 2291 habebit
1051 2265 1162 2304 opes.

120 2306 210 2349 Nec
242 2307 347 2348 mihi
378 2308 442 2348 fas
474 2307 603 2348 fuerit
637 2306 818 2362 Sparten
850 2312 1118 2351 contemnere
1151 2312 1354 2351 vestram:
