<?xml version="1.0" encoding="UTF-8"?>
<!DOCTYPE html PUBLIC "-//W3C//DTD XHTML 1.0 Transitional//EN"
    "http://www.w3.org/TR/xhtml1/DTD/xhtml1-transitional.dtd">
<html xmlns="http://www.w3.org/1999/xhtml" xml:lang="en" lang="en">
 <head>
  <title>
</title>
<meta http-equiv="Content-Type" content="text/html;charset=utf-8" />
  <meta name='ocr-system' content='tesseract 3.04.00' />
  <meta name='ocr-capabilities' content='ocr_page ocr_carea ocr_par ocr_line ocrx_word'/>
</head>
<body>
  <div class='ocr_page' id='page_1' title='image "./operaovid03oviduoft_0310.png"; bbox 0 0 1690 2656; ppageno 0'>
   <div class='ocr_carea' id='block_1_1' title="bbox 369 156 1288 198">
    <p class='ocr_par' dir='ltr' id='par_1_1' title="bbox 369 156 1288 198">
     <span class='ocr_line' id='line_1_1' title="bbox 369 156 1288 198; baseline -0.005 0"><span class='ocrx_word' id='word_1_1' title='bbox 369 156 455 198; x_wconf 80' lang='grc'>254</span> <span class='ocrx_word' id='word_1_2' title='bbox 787 156 1042 191; x_wconf 79' lang='lat' dir='ltr'><strong>REMEDIA</strong></span> <span class='ocrx_word' id='word_1_3' title='bbox 1066 156 1288 193; x_wconf 80' lang='lat' dir='ltr'><strong>AMORIS.</strong></span> 
     </span>
    </p>
   </div>
   <div class='ocr_carea' id='block_1_2' title="bbox 291 251 1683 2403">
    <p class='ocr_par' dir='ltr' id='par_1_2' title="bbox 291 251 1683 2403">
     <span class='ocr_line' id='line_1_2' title="bbox 368 251 1418 307; baseline 0 -14"><span class='ocrx_word' id='word_1_4' title='bbox 368 251 459 293; x_wconf 78' lang='lat' dir='ltr'>Ista</span> <span class='ocrx_word' id='word_1_5' title='bbox 490 252 683 293; x_wconf 77' lang='lat' dir='ltr'>veneficii</span> <span class='ocrx_word' id='word_1_6' title='bbox 715 253 837 292; x_wconf 80' lang='lat' dir='ltr'>vetus</span> <span class='ocrx_word' id='word_1_7' title='bbox 871 254 935 292; x_wconf 90' lang='lat' dir='ltr'>est</span> <span class='ocrx_word' id='word_1_8' title='bbox 966 251 1053 307; x_wconf 84' lang='lat' dir='ltr'>via3</span> <span class='ocrx_word' id='word_1_9' title='bbox 1084 254 1231 292; x_wconf 88' lang='lat' dir='ltr'>noster</span> <span class='ocrx_word' id='word_1_10' title='bbox 1261 251 1418 306; x_wconf 84' lang='lat' dir='ltr'>Apollo</span> 
     </span>
     <span class='ocr_line' id='line_1_3' title="bbox 428 309 1446 365; baseline 0.002 -15"><span class='ocrx_word' id='word_1_11' title='bbox 428 310 663 351; x_wconf 78' lang='lat' dir='ltr'>Innocuam</span> <span class='ocrx_word' id='word_1_12' title='bbox 695 323 816 350; x_wconf 85' lang='lat' dir='ltr'>sacro</span> <span class='ocrx_word' id='word_1_13' title='bbox 849 309 1034 350; x_wconf 80' lang='lat' dir='ltr'>carmine</span> <span class='ocrx_word' id='word_1_14' title='bbox 1067 312 1280 351; x_wconf 84' lang='lat' dir='ltr'>monstrat</span> <span class='ocrx_word' id='word_1_15' title='bbox 1313 325 1446 365; x_wconf 90' lang='lat' dir='ltr'>opem.</span> 
     </span>
     <span class='ocr_line' id='line_1_4' title="bbox 368 367 1540 424; baseline 0.002 -16"><span class='ocrx_word' id='word_1_16' title='bbox 368 367 437 408; x_wconf 84' lang='lat' dir='ltr'>Me</span> <span class='ocrx_word' id='word_1_17' title='bbox 471 368 574 409; x_wconf 87' lang='lat' dir='ltr'>duce</span> <span class='ocrx_word' id='word_1_18' title='bbox 606 382 694 408; x_wconf 88' lang='lat' dir='ltr'>non</span> <span class='ocrx_word' id='word_1_19' title='bbox 724 367 890 408; x_wconf 84' lang='lat' dir='ltr'>tumulo</span> <span class='ocrx_word' id='word_1_20' title='bbox 922 367 1091 421; x_wconf 86' lang='lat' dir='ltr'>prodire</span> <span class='ocrx_word' id='word_1_21' title='bbox 1122 368 1341 409; x_wconf 89' lang='lat' dir='ltr'>iubebitur</span> <span class='ocrx_word' id='word_1_22' title='bbox 1371 369 1540 424; x_wconf 85' lang='lat' dir='ltr'>umbra,</span> 
     </span>
     <span class='ocr_line' id='line_1_5' title="bbox 426 425 1493 483; baseline 0.002 -17"><span class='ocrx_word' id='word_1_23' title='bbox 426 425 528 466; x_wconf 82' lang='lat' dir='ltr'>Non</span> <span class='ocrx_word' id='word_1_24' title='bbox 559 440 664 467; x_wconf 85' lang='lat' dir='ltr'>anus</span> <span class='ocrx_word' id='word_1_25' title='bbox 695 425 847 466; x_wconf 79' lang='lat' dir='ltr'>infami</span> <span class='ocrx_word' id='word_1_26' title='bbox 880 426 1065 467; x_wconf 76' lang='lat' dir='ltr'>carmine</span> <span class='ocrx_word' id='word_1_27' title='bbox 1097 430 1267 480; x_wconf 89' lang='lat' dir='ltr'>rumpet</span> <span class='ocrx_word' id='word_1_28' title='bbox 1297 427 1493 483; x_wconf 88' lang='lat' dir='ltr'>humum,</span> 
     </span>
     <span class='ocr_line' id='line_1_6' title="bbox 297 483 1460 540; baseline 0.002 -16"><span class='ocrx_word' id='word_1_29' title='bbox 297 496 347 520; x_wconf 73' lang='lat'>255</span> <span class='ocrx_word' id='word_1_30' title='bbox 367 483 469 524; x_wconf 82' lang='lat' dir='ltr'>Non</span> <span class='ocrx_word' id='word_1_31' title='bbox 501 498 623 539; x_wconf 81' lang='lat' dir='ltr'>seges</span> <span class='ocrx_word' id='word_1_32' title='bbox 655 498 705 525; x_wconf 83' lang='lat' dir='ltr'>ex</span> <span class='ocrx_word' id='word_1_33' title='bbox 738 484 832 525; x_wconf 84' lang='lat' dir='ltr'>aliis</span> <span class='ocrx_word' id='word_1_34' title='bbox 867 484 972 525; x_wconf 86' lang='lat' dir='ltr'>alios</span> <span class='ocrx_word' id='word_1_35' title='bbox 1004 485 1208 526; x_wconf 88' lang='lat' dir='ltr'>transibit</span> <span class='ocrx_word' id='word_1_36' title='bbox 1237 485 1283 525; x_wconf 87' lang='grc'>111</span> <span class='ocrx_word' id='word_1_37' title='bbox 1315 499 1460 540; x_wconf 79' lang='lat' dir='ltr'>agros,</span> 
     </span>
     <span class='ocr_line' id='line_1_7' title="bbox 426 541 1384 598; baseline 0.002 -16"><span class='ocrx_word' id='word_1_38' title='bbox 426 541 516 583; x_wconf 90' lang='lat' dir='ltr'>Nec</span> <span class='ocrx_word' id='word_1_39' title='bbox 550 542 692 583; x_wconf 87' lang='lat' dir='ltr'>subito</span> <span class='ocrx_word' id='word_1_40' title='bbox 724 541 889 583; x_wconf 85' lang='lat' dir='ltr'>Phoebi</span> <span class='ocrx_word' id='word_1_41' title='bbox 920 543 1103 596; x_wconf 80' lang='lat' dir='ltr'>pallidus</span> <span class='ocrx_word' id='word_1_42' title='bbox 1138 543 1253 584; x_wconf 91' lang='lat' dir='ltr'>orbis</span> <span class='ocrx_word' id='word_1_43' title='bbox 1287 544 1384 598; x_wconf 84' lang='lat' dir='ltr'>erit3</span> 
     </span>
     <span class='ocr_line' id='line_1_8' title="bbox 367 599 1483 657; baseline 0.002 -16"><span class='ocrx_word' id='word_1_44' title='bbox 367 599 426 641; x_wconf 87' lang='lat' dir='ltr'>Ut</span> <span class='ocrx_word' id='word_1_45' title='bbox 460 601 589 655; x_wconf 89' lang='lat' dir='ltr'>solet,</span> <span class='ocrx_word' id='word_1_46' title='bbox 620 615 851 654; x_wconf 84' lang='lat' dir='ltr'>aequoreas</span> <span class='ocrx_word' id='word_1_47' title='bbox 881 601 964 642; x_wconf 85' lang='lat' dir='ltr'>ibit</span> <span class='ocrx_word' id='word_1_48' title='bbox 996 601 1222 642; x_wconf 88' lang='lat' dir='ltr'>Tiberinus</span> <span class='ocrx_word' id='word_1_49' title='bbox 1253 601 1299 642; x_wconf 88' lang='lat' dir='ltr'>in</span> <span class='ocrx_word' id='word_1_50' title='bbox 1329 602 1483 657; x_wconf 85' lang='lat' dir='ltr'>undas,</span> 
     </span>
     <span class='ocr_line' id='line_1_9' title="bbox 425 657 1431 715; baseline 0.001 -16"><span class='ocrx_word' id='word_1_51' title='bbox 425 657 486 699; x_wconf 86' lang='lat' dir='ltr'>Ut</span> <span class='ocrx_word' id='word_1_52' title='bbox 518 659 644 714; x_wconf 85' lang='lat' dir='ltr'>solet,</span> <span class='ocrx_word' id='word_1_53' title='bbox 675 659 722 699; x_wconf 87' lang='lat' dir='ltr'>in</span> <span class='ocrx_word' id='word_1_54' title='bbox 752 659 887 700; x_wconf 80' lang='lat' dir='ltr'>niveis</span> <span class='ocrx_word' id='word_1_55' title='bbox 919 659 1042 700; x_wconf 84' lang='lat' dir='ltr'>Luna</span> <span class='ocrx_word' id='word_1_56' title='bbox 1072 659 1251 700; x_wconf 85' lang='lat' dir='ltr'>vehetur</span> <span class='ocrx_word' id='word_1_57' title='bbox 1283 660 1431 715; x_wconf 63' lang='lat' dir='ltr'>equis,</span> 
     </span>
     <span class='ocr_line' id='line_1_10' title="bbox 366 715 1394 773; baseline 0.002 -16"><span class='ocrx_word' id='word_1_58' title='bbox 366 715 497 757; x_wconf 86' lang='lat' dir='ltr'>Nulla</span> <span class='ocrx_word' id='word_1_59' title='bbox 527 720 770 759; x_wconf 86' lang='lat' dir='ltr'>recantatas</span> <span class='ocrx_word' id='word_1_60' title='bbox 803 718 1015 771; x_wconf 87' lang='lat' dir='ltr'>deponent</span> <span class='ocrx_word' id='word_1_61' title='bbox 1045 721 1221 772; x_wconf 88' lang='lat' dir='ltr'>pectora</span> <span class='ocrx_word' id='word_1_62' title='bbox 1253 733 1394 773; x_wconf 89' lang='lat' dir='ltr'>curas,</span> 
     </span>
     <span class='ocr_line' id='line_1_11' title="bbox 296 775 1353 830; baseline 0.001 -14"><span class='ocrx_word' id='word_1_63' title='bbox 296 786 347 810; x_wconf 60' lang='lat'>2⁰³0</span> <span class='ocrx_word' id='word_1_64' title='bbox 426 775 516 816; x_wconf 87' lang='lat' dir='ltr'>Nec</span> <span class='ocrx_word' id='word_1_65' title='bbox 549 775 687 830; x_wconf 80' lang='lat' dir='ltr'>fugiet</span> <span class='ocrx_word' id='word_1_66' title='bbox 718 775 814 817; x_wconf 77' lang='lat' dir='ltr'>vivo</span> <span class='ocrx_word' id='word_1_67' title='bbox 849 776 1020 830; x_wconf 82' lang='lat' dir='ltr'>sulpure</span> <span class='ocrx_word' id='word_1_68' title='bbox 1052 777 1191 817; x_wconf 86' lang='lat' dir='ltr'>victus</span> <span class='ocrx_word' id='word_1_69' title='bbox 1225 791 1353 817; x_wconf 87' lang='lat' dir='ltr'>amor.</span> 
     </span>
     <span class='ocr_line' id='line_1_12' title="bbox 367 832 1461 889; baseline 0.002 -15"><span class='ocrx_word' id='word_1_70' title='bbox 367 832 477 882; x_wconf 78' lang='lat' dir='ltr'>Quid</span> <span class='ocrx_word' id='word_1_71' title='bbox 508 836 550 875; x_wconf 89' lang='lat' dir='ltr'>te</span> <span class='ocrx_word' id='word_1_72' title='bbox 582 833 815 875; x_wconf 78' lang='lat' dir='ltr'>Phasiacae</span> <span class='ocrx_word' id='word_1_73' title='bbox 846 834 1047 875; x_wconf 85' lang='lat' dir='ltr'>iuverunt</span> <span class='ocrx_word' id='word_1_74' title='bbox 1080 835 1273 889; x_wconf 79' lang='lat' dir='ltr'>gramina</span> <span class='ocrx_word' id='word_1_75' title='bbox 1305 838 1461 889; x_wconf 89' lang='lat' dir='ltr'>terrae,</span> 
     </span>
     <span class='ocr_line' id='line_1_13' title="bbox 425 890 1517 947; baseline 0.002 -15"><span class='ocrx_word' id='word_1_76' title='bbox 425 890 533 933; x_wconf 79' lang='lat' dir='ltr'>Cum</span> <span class='ocrx_word' id='word_1_77' title='bbox 566 907 740 947; x_wconf 85' lang='lat' dir='ltr'>cuperes</span> <span class='ocrx_word' id='word_1_78' title='bbox 770 892 929 947; x_wconf 89' lang='lat' dir='ltr'>patria,</span> <span class='ocrx_word' id='word_1_79' title='bbox 962 890 1129 946; x_wconf 83' lang='lat' dir='ltr'>Colchi,</span> <span class='ocrx_word' id='word_1_80' title='bbox 1160 907 1328 934; x_wconf 84' lang='lat' dir='ltr'>manere</span> <span class='ocrx_word' id='word_1_81' title='bbox 1362 894 1517 934; x_wconf 80' lang='lat' dir='ltr'>domo?</span> 
     </span>
     <span class='ocr_line' id='line_1_14' title="bbox 366 949 1520 1008; baseline 0.003 -18"><span class='ocrx_word' id='word_1_82' title='bbox 366 949 477 998; x_wconf 83' lang='lat' dir='ltr'>Quid</span> <span class='ocrx_word' id='word_1_83' title='bbox 508 950 589 991; x_wconf 88' lang='lat' dir='ltr'>tibi</span> <span class='ocrx_word' id='word_1_84' title='bbox 620 951 891 1005; x_wconf 84' lang='lat' dir='ltr'>profuerunt,</span> <span class='ocrx_word' id='word_1_85' title='bbox 924 949 1062 1005; x_wconf 82' lang='lat' dir='ltr'>Circe,</span> <span class='ocrx_word' id='word_1_86' title='bbox 1093 951 1314 993; x_wconf 63' lang='lat' dir='ltr'>Perseidos</span> <span class='ocrx_word' id='word_1_87' title='bbox 1345 951 1520 1008; x_wconf 80' lang='lat' dir='ltr'>herbae,</span> 
     </span>
     <span class='ocr_line' id='line_1_15' title="bbox 425 1007 1385 1050; baseline 0.002 -2"><span class='ocrx_word' id='word_1_88' title='bbox 425 1007 534 1049; x_wconf 82' lang='lat' dir='ltr'>Cum</span> <span class='ocrx_word' id='word_1_89' title='bbox 567 1023 643 1049; x_wconf 86' lang='lat' dir='ltr'>sua</span> <span class='ocrx_word' id='word_1_90' title='bbox 675 1009 865 1050; x_wconf 84' lang='lat' dir='ltr'>Neritias</span> <span class='ocrx_word' id='word_1_91' title='bbox 898 1009 1078 1050; x_wconf 85' lang='lat' dir='ltr'>abstulit</span> <span class='ocrx_word' id='word_1_92' title='bbox 1109 1024 1212 1050; x_wconf 85' lang='lat' dir='ltr'>aura</span> <span class='ocrx_word' id='word_1_93' title='bbox 1242 1010 1385 1050; x_wconf 77' lang='lat' dir='ltr'>rates?</span> 
     </span>
     <span class='ocr_line' id='line_1_16' title="bbox 295 1065 1378 1121; baseline 0.001 -14"><span class='ocrx_word' id='word_1_94' title='bbox 295 1077 346 1102; x_wconf 72' lang='lat'>265</span> <span class='ocrx_word' id='word_1_95' title='bbox 367 1065 521 1107; x_wconf 88' lang='lat' dir='ltr'>Omnia</span> <span class='ocrx_word' id='word_1_96' title='bbox 552 1067 711 1121; x_wconf 84' lang='lat' dir='ltr'>fecisti,</span> <span class='ocrx_word' id='word_1_97' title='bbox 741 1065 1003 1108; x_wconf 43' lang='lat' dir='ltr'>ne‘callidus</span> <span class='ocrx_word' id='word_1_98' title='bbox 1035 1067 1190 1121; x_wconf 81' lang='lat' dir='ltr'>hospes</span> <span class='ocrx_word' id='word_1_99' title='bbox 1225 1068 1378 1109; x_wconf 82' lang='lat' dir='ltr'>abiret:</span> 
     </span>
     <span class='ocr_line' id='line_1_17' title="bbox 423 1125 1318 1180; baseline 0.001 -15"><span class='ocrx_word' id='word_1_100' title='bbox 423 1125 500 1165; x_wconf 85' lang='lat' dir='ltr'>Ille</span> <span class='ocrx_word' id='word_1_101' title='bbox 533 1125 649 1166; x_wconf 84' lang='lat' dir='ltr'>dedit</span> <span class='ocrx_word' id='word_1_102' title='bbox 681 1128 820 1166; x_wconf 90' lang='lat' dir='ltr'>certae</span> <span class='ocrx_word' id='word_1_103' title='bbox 852 1125 985 1166; x_wconf 88' lang='lat' dir='ltr'>lintea</span> <span class='ocrx_word' id='word_1_104' title='bbox 1015 1126 1142 1179; x_wconf 86' lang='lat' dir='ltr'>plena</span> <span class='ocrx_word' id='word_1_105' title='bbox 1172 1126 1318 1180; x_wconf 79' lang='lat' dir='ltr'>fugae3</span> 
     </span>
     <span class='ocr_line' id='line_1_18' title="bbox 365 1182 1345 1238; baseline 0.002 -15"><span class='ocrx_word' id='word_1_106' title='bbox 365 1182 519 1224; x_wconf 85' lang='lat' dir='ltr'>Omnia</span> <span class='ocrx_word' id='word_1_107' title='bbox 549 1184 708 1238; x_wconf 83' lang='lat' dir='ltr'>fecisti,</span> <span class='ocrx_word' id='word_1_108' title='bbox 739 1198 791 1224; x_wconf 87' lang='lat' dir='ltr'>ne</span> <span class='ocrx_word' id='word_1_109' title='bbox 823 1186 865 1224; x_wconf 88' lang='lat' dir='ltr'>te</span> <span class='ocrx_word' id='word_1_110' title='bbox 897 1183 1011 1224; x_wconf 86' lang='lat' dir='ltr'>ferus</span> <span class='ocrx_word' id='word_1_111' title='bbox 1043 1187 1185 1225; x_wconf 89' lang='lat' dir='ltr'>ureret</span> <span class='ocrx_word' id='word_1_112' title='bbox 1214 1184 1345 1238; x_wconf 79' lang='lat' dir='ltr'>ignis:</span> 
     </span>
     <span class='ocr_line' id='line_1_19' title="bbox 421 1241 1353 1297; baseline 0.001 -15"><span class='ocrx_word' id='word_1_113' title='bbox 421 1241 598 1297; x_wconf 77' lang='lat' dir='ltr'>Longus</span> <span class='ocrx_word' id='word_1_114' title='bbox 630 1246 672 1282; x_wconf 87' lang='lat' dir='ltr'>et</span> <span class='ocrx_word' id='word_1_115' title='bbox 701 1241 838 1282; x_wconf 82' lang='lat' dir='ltr'>invito</span> <span class='ocrx_word' id='word_1_116' title='bbox 869 1245 1041 1296; x_wconf 86' lang='lat' dir='ltr'>pectore</span> <span class='ocrx_word' id='word_1_117' title='bbox 1075 1242 1184 1283; x_wconf 86' lang='lat' dir='ltr'>sedit</span> <span class='ocrx_word' id='word_1_118' title='bbox 1216 1256 1353 1297; x_wconf 62' lang='lat' dir='ltr'>amor,</span> 
     </span>
     <span class='ocr_line' id='line_1_20' title="bbox 362 1299 1483 1356; baseline 0.002 -16"><span class='ocrx_word' id='word_1_119' title='bbox 362 1299 541 1340; x_wconf 87' lang='lat' dir='ltr'>Vertere</span> <span class='ocrx_word' id='word_1_120' title='bbox 573 1303 621 1340; x_wconf 90' lang='lat' dir='ltr'>tu</span> <span class='ocrx_word' id='word_1_121' title='bbox 652 1303 824 1354; x_wconf 85' lang='lat' dir='ltr'>poteras</span> <span class='ocrx_word' id='word_1_122' title='bbox 856 1300 1050 1341; x_wconf 88' lang='lat' dir='ltr'>homines</span> <span class='ocrx_word' id='word_1_123' title='bbox 1082 1300 1127 1341; x_wconf 85' lang='lat' dir='ltr'>in</span> <span class='ocrx_word' id='word_1_124' title='bbox 1158 1300 1274 1341; x_wconf 90' lang='lat' dir='ltr'>mille</span> <span class='ocrx_word' id='word_1_125' title='bbox 1306 1301 1483 1356; x_wconf 82' lang='lat' dir='ltr'>figuras:</span> 
     </span>
     <span class='ocr_line' id='line_1_21' title="bbox 293 1357 1320 1414; baseline 0.001 -16"><span class='ocrx_word' id='word_1_126' title='bbox 293 1368 344 1393; x_wconf 74' lang='lat'>270</span> <span class='ocrx_word' id='word_1_127' title='bbox 422 1357 523 1399; x_wconf 89' lang='lat' dir='ltr'>Non</span> <span class='ocrx_word' id='word_1_128' title='bbox 552 1361 724 1412; x_wconf 88' lang='lat' dir='ltr'>poteras</span> <span class='ocrx_word' id='word_1_129' title='bbox 758 1358 889 1399; x_wconf 87' lang='lat' dir='ltr'>animi</span> <span class='ocrx_word' id='word_1_130' title='bbox 920 1362 1083 1400; x_wconf 87' lang='lat' dir='ltr'>vertere</span> <span class='ocrx_word' id='word_1_131' title='bbox 1114 1359 1208 1399; x_wconf 87' lang='lat' dir='ltr'>iura</span> <span class='ocrx_word' id='word_1_132' title='bbox 1239 1359 1320 1414; x_wconf 81' lang='lat' dir='ltr'>tui3</span> 
     </span>
     <span class='ocr_line' id='line_1_22' title="bbox 363 1415 1478 1473; baseline 0.002 -17"><span class='ocrx_word' id='word_1_133' title='bbox 363 1415 529 1457; x_wconf 88' lang='lat' dir='ltr'>Diceris</span> <span class='ocrx_word' id='word_1_134' title='bbox 562 1416 629 1457; x_wconf 84' lang='lat' dir='ltr'>his</span> <span class='ocrx_word' id='word_1_135' title='bbox 662 1417 810 1471; x_wconf 87' lang='lat' dir='ltr'>etiam,</span> <span class='ocrx_word' id='word_1_136' title='bbox 842 1431 938 1458; x_wconf 87' lang='lat' dir='ltr'>cum</span> <span class='ocrx_word' id='word_1_137' title='bbox 968 1416 1056 1458; x_wconf 91' lang='lat' dir='ltr'>iam</span> <span class='ocrx_word' id='word_1_138' title='bbox 1088 1417 1300 1458; x_wconf 81' lang='lat' dir='ltr'>discedere</span> <span class='ocrx_word' id='word_1_139' title='bbox 1331 1418 1478 1473; x_wconf 81' lang='lat' dir='ltr'>vellet,</span> 
     </span>
     <span class='ocr_line' id='line_1_23' title="bbox 420 1474 1308 1517; baseline 0.001 -2"><span class='ocrx_word' id='word_1_140' title='bbox 420 1474 671 1516; x_wconf 81' lang='lat' dir='ltr'>Dulichium</span> <span class='ocrx_word' id='word_1_141' title='bbox 701 1475 843 1517; x_wconf 83' lang='lat' dir='ltr'>verbis</span> <span class='ocrx_word' id='word_1_142' title='bbox 875 1474 1108 1516; x_wconf 86' lang='lat' dir='ltr'>detinuisse</span> <span class='ocrx_word' id='word_1_143' title='bbox 1142 1476 1308 1516; x_wconf 87' lang='lat' dir='ltr'>ducem:</span> 
     </span>
     <span class='ocr_line' id='line_1_24' title="bbox 363 1531 1606 1590; baseline 0.002 -17"><span class='ocrx_word' id='word_1_144' title='bbox 363 1531 478 1573; x_wconf 73' lang='lat' dir='ltr'>‘Non</span> <span class='ocrx_word' id='word_1_145' title='bbox 510 1546 608 1588; x_wconf 82' lang='lat' dir='ltr'>egO,</span> <span class='ocrx_word' id='word_1_146' title='bbox 641 1534 755 1588; x_wconf 86' lang='lat' dir='ltr'>quod</span> <span class='ocrx_word' id='word_1_147' title='bbox 785 1533 942 1588; x_wconf 87' lang='lat' dir='ltr'>primo,</span> <span class='ocrx_word' id='word_1_148' title='bbox 974 1533 1165 1587; x_wconf 83' lang='lat' dir='ltr'>memini,</span> <span class='ocrx_word' id='word_1_149' title='bbox 1198 1548 1366 1588; x_wconf 86' lang='lat' dir='ltr'>sperare</span> <span class='ocrx_word' id='word_1_150' title='bbox 1399 1535 1606 1590; x_wconf 83' lang='lat' dir='ltr'>solebam,</span> 
     </span>
     <span class='ocr_line' id='line_1_25' title="bbox 420 1591 1516 1647; baseline 0.002 -15"><span class='ocrx_word' id='word_1_151' title='bbox 420 1591 513 1632; x_wconf 87' lang='lat' dir='ltr'>Iam</span> <span class='ocrx_word' id='word_1_152' title='bbox 544 1606 712 1647; x_wconf 86' lang='lat' dir='ltr'>precor,</span> <span class='ocrx_word' id='word_1_153' title='bbox 743 1595 791 1633; x_wconf 92' lang='lat' dir='ltr'>ut</span> <span class='ocrx_word' id='word_1_154' title='bbox 824 1592 1008 1633; x_wconf 81' lang='lat' dir='ltr'>coniunx</span> <span class='ocrx_word' id='word_1_155' title='bbox 1040 1595 1087 1633; x_wconf 90' lang='lat' dir='ltr'>tu</span> <span class='ocrx_word' id='word_1_156' title='bbox 1118 1606 1238 1633; x_wconf 86' lang='lat' dir='ltr'>meus</span> <span class='ocrx_word' id='word_1_157' title='bbox 1271 1607 1361 1633; x_wconf 86' lang='lat' dir='ltr'>esse</span> <span class='ocrx_word' id='word_1_158' title='bbox 1393 1593 1516 1647; x_wconf 80' lang='lat' dir='ltr'>velis,</span> 
     </span>
     <span class='ocr_line' id='line_1_26' title="bbox 292 1649 1587 1706; baseline 0.002 -16"><span class='ocrx_word' id='word_1_159' title='bbox 292 1660 343 1685; x_wconf 76' lang='lat'>275</span> <span class='ocrx_word' id='word_1_160' title='bbox 363 1649 422 1690; x_wconf 83' lang='lat' dir='ltr'>Et</span> <span class='ocrx_word' id='word_1_161' title='bbox 454 1653 617 1704; x_wconf 85' lang='lat' dir='ltr'>tamen,</span> <span class='ocrx_word' id='word_1_162' title='bbox 648 1653 697 1691; x_wconf 92' lang='lat' dir='ltr'>ut</span> <span class='ocrx_word' id='word_1_163' title='bbox 729 1650 913 1691; x_wconf 81' lang='lat' dir='ltr'>coniunx</span> <span class='ocrx_word' id='word_1_164' title='bbox 945 1664 1081 1691; x_wconf 88' lang='lat' dir='ltr'>essem</span> <span class='ocrx_word' id='word_1_165' title='bbox 1113 1653 1205 1704; x_wconf 92' lang='lat' dir='ltr'>tua,</span> <span class='ocrx_word' id='word_1_166' title='bbox 1237 1650 1365 1705; x_wconf 82' lang='lat' dir='ltr'>digna</span> <span class='ocrx_word' id='word_1_167' title='bbox 1396 1651 1587 1706; x_wconf 86' lang='lat' dir='ltr'>videbar,</span> 
     </span>
     <span class='ocr_line' id='line_1_27' title="bbox 423 1707 1422 1763; baseline 0.002 -15"><span class='ocrx_word' id='word_1_168' title='bbox 423 1707 545 1756; x_wconf 79' lang='lat' dir='ltr'>Quod</span> <span class='ocrx_word' id='word_1_169' title='bbox 577 1708 672 1763; x_wconf 87' lang='lat' dir='ltr'>dea,</span> <span class='ocrx_word' id='word_1_170' title='bbox 704 1709 816 1763; x_wconf 84' lang='lat' dir='ltr'>quod</span> <span class='ocrx_word' id='word_1_171' title='bbox 848 1708 993 1763; x_wconf 79' lang='lat' dir='ltr'>magni</span> <span class='ocrx_word' id='word_1_172' title='bbox 1024 1708 1113 1749; x_wconf 85' lang='lat' dir='ltr'>filia</span> <span class='ocrx_word' id='word_1_173' title='bbox 1146 1707 1256 1749; x_wconf 79' lang='lat' dir='ltr'>Solis</span> <span class='ocrx_word' id='word_1_174' title='bbox 1289 1723 1422 1750; x_wconf 90' lang='lat' dir='ltr'>eram:</span> 
     </span>
     <span class='ocr_line' id='line_1_28' title="bbox 361 1764 1515 1821; baseline 0.003 -15"><span class='ocrx_word' id='word_1_175' title='bbox 361 1764 427 1807; x_wconf 90' lang='lat' dir='ltr'>Ne</span> <span class='ocrx_word' id='word_1_176' title='bbox 458 1780 680 1821; x_wconf 87' lang='lat' dir='ltr'>properes,</span> <span class='ocrx_word' id='word_1_177' title='bbox 712 1780 804 1821; x_wconf 83' lang='lat' dir='ltr'>oro3</span> <span class='ocrx_word' id='word_1_178' title='bbox 837 1767 1131 1821; x_wconf 28' lang='lat' dir='ltr'>spatiumrpro</span> <span class='ocrx_word' id='word_1_179' title='bbox 1164 1781 1337 1808; x_wconf 86' lang='lat' dir='ltr'>munere</span> <span class='ocrx_word' id='word_1_180' title='bbox 1367 1781 1515 1821; x_wconf 89' lang='lat' dir='ltr'>posco:</span> 
     </span>
     <span class='ocr_line' id='line_1_29' title="bbox 421 1823 1442 1879; baseline 0.002 -15"><span class='ocrx_word' id='word_1_181' title='bbox 421 1823 531 1873; x_wconf 82' lang='lat' dir='ltr'>Quid</span> <span class='ocrx_word' id='word_1_182' title='bbox 563 1824 703 1866; x_wconf 87' lang='lat' dir='ltr'>minus</span> <span class='ocrx_word' id='word_1_183' title='bbox 736 1825 876 1879; x_wconf 86' lang='lat' dir='ltr'>optari</span> <span class='ocrx_word' id='word_1_184' title='bbox 907 1839 982 1879; x_wconf 89' lang='lat' dir='ltr'>per</span> <span class='ocrx_word' id='word_1_185' title='bbox 1013 1839 1107 1866; x_wconf 89' lang='lat' dir='ltr'>mea</span> <span class='ocrx_word' id='word_1_186' title='bbox 1138 1828 1239 1866; x_wconf 86' lang='lat' dir='ltr'>vota</span> <span class='ocrx_word' id='word_1_187' title='bbox 1269 1826 1442 1879; x_wconf 74' lang='lat' dir='ltr'>potest?</span> 
     </span>
     <span class='ocr_line' id='line_1_30' title="bbox 360 1882 1397 1925; baseline 0 -1"><span class='ocrx_word' id='word_1_188' title='bbox 360 1882 419 1924; x_wconf 87' lang='lat' dir='ltr'>Et</span> <span class='ocrx_word' id='word_1_189' title='bbox 451 1882 563 1924; x_wconf 85' lang='lat' dir='ltr'>freta</span> <span class='ocrx_word' id='word_1_190' title='bbox 593 1886 711 1924; x_wconf 87' lang='lat' dir='ltr'>mota</span> <span class='ocrx_word' id='word_1_191' title='bbox 742 1883 858 1925; x_wconf 75' lang='lat' dir='ltr'>vides</span> <span class='ocrx_word' id='word_1_192' title='bbox 892 1886 934 1924; x_wconf 86' lang='lat' dir='ltr'>et</span> <span class='ocrx_word' id='word_1_193' title='bbox 966 1883 1092 1924; x_wconf 91' lang='lat' dir='ltr'>debes</span> <span class='ocrx_word' id='word_1_194' title='bbox 1123 1883 1199 1924; x_wconf 87' lang='lat' dir='ltr'>illa</span> <span class='ocrx_word' id='word_1_195' title='bbox 1231 1883 1397 1925; x_wconf 89' lang='lat' dir='ltr'>timere:</span> 
     </span>
     <span class='ocr_line' id='line_1_31' title="bbox 292 1939 1281 1996; baseline 0.001 -15"><span class='ocrx_word' id='word_1_196' title='bbox 292 1951 344 1976; x_wconf 81' lang='lat'>280</span> <span class='ocrx_word' id='word_1_197' title='bbox 422 1939 583 1982; x_wconf 82' lang='lat' dir='ltr'>Utilior</span> <span class='ocrx_word' id='word_1_198' title='bbox 613 1941 717 1982; x_wconf 87' lang='lat' dir='ltr'>velis</span> <span class='ocrx_word' id='word_1_199' title='bbox 749 1942 978 1996; x_wconf 88' lang='lat' dir='ltr'>postmodo</span> <span class='ocrx_word' id='word_1_200' title='bbox 1004 1944 1156 1982; x_wconf 86' lang='lat' dir='ltr'>ventus</span> <span class='ocrx_word' id='word_1_201' title='bbox 1189 1942 1281 1982; x_wconf 91' lang='lat' dir='ltr'>erit.</span> 
     </span>
     <span class='ocr_line' id='line_1_32' title="bbox 363 1998 1683 2056; baseline 0 -15"><span class='ocrx_word' id='word_1_202' title='bbox 363 1998 478 2047; x_wconf 81' lang='lat' dir='ltr'>Quae</span> <span class='ocrx_word' id='word_1_203' title='bbox 510 2000 592 2041; x_wconf 91' lang='lat' dir='ltr'>tibi</span> <span class='ocrx_word' id='word_1_204' title='bbox 625 2014 752 2041; x_wconf 84' lang='lat' dir='ltr'>causa</span> <span class='ocrx_word' id='word_1_205' title='bbox 782 1999 939 2055; x_wconf 79' lang='lat' dir='ltr'>fugae?</span> <span class='ocrx_word' id='word_1_206' title='bbox 972 2014 1060 2041; x_wconf 85' lang='lat' dir='ltr'>non</span> <span class='ocrx_word' id='word_1_207' title='bbox 1090 2000 1160 2041; x_wconf 89' lang='lat' dir='ltr'>hic</span> <span class='ocrx_word' id='word_1_208' title='bbox 1190 2014 1301 2041; x_wconf 83' lang='lat' dir='ltr'>nova</span> <span class='ocrx_word' id='word_1_209' title='bbox 1332 1999 1461 2041; x_wconf 88' lang='lat' dir='ltr'>Troia</span> <span class='ocrx_word' id='word_1_210' title='bbox 1498 2000 1683 2056; x_wconf 82' lang='lat' dir='ltr'>resurgit</span> 
     </span>
     <span class='ocr_line' id='line_1_33' title="bbox 419 2057 1464 2114; baseline 0.002 -16"><span class='ocrx_word' id='word_1_211' title='bbox 419 2057 533 2098; x_wconf 85' lang='lat' dir='ltr'>Non·</span> <span class='ocrx_word' id='word_1_212' title='bbox 552 2057 706 2112; x_wconf 85' lang='lat' dir='ltr'>aliquis</span> <span class='ocrx_word' id='word_1_213' title='bbox 739 2058 878 2100; x_wconf 90' lang='lat' dir='ltr'>socios</span> <span class='ocrx_word' id='word_1_214' title='bbox 910 2072 1056 2099; x_wconf 87' lang='lat' dir='ltr'>rursus</span> <span class='ocrx_word' id='word_1_215' title='bbox 1090 2058 1142 2099; x_wconf 85' lang='lat' dir='ltr'>ad</span> <span class='ocrx_word' id='word_1_216' title='bbox 1174 2073 1291 2099; x_wconf 89' lang='lat' dir='ltr'>arma</span> <span class='ocrx_word' id='word_1_217' title='bbox 1321 2061 1464 2114; x_wconf 80' lang='lat' dir='ltr'>vocat3</span> 
     </span>
     <span class='ocr_line' id='line_1_34' title="bbox 360 2114 1590 2172; baseline 0.003 -17"><span class='ocrx_word' id='word_1_218' title='bbox 360 2114 442 2156; x_wconf 86' lang='lat' dir='ltr'>Hic</span> <span class='ocrx_word' id='word_1_219' title='bbox 476 2130 595 2157; x_wconf 86' lang='lat' dir='ltr'>amor</span> <span class='ocrx_word' id='word_1_220' title='bbox 626 2119 668 2157; x_wconf 89' lang='lat' dir='ltr'>et</span> <span class='ocrx_word' id='word_1_221' title='bbox 699 2131 783 2171; x_wconf 84' lang='lat' dir='ltr'>pax</span> <span class='ocrx_word' id='word_1_222' title='bbox 814 2119 896 2171; x_wconf 86' lang='lat' dir='ltr'>est,</span> <span class='ocrx_word' id='word_1_223' title='bbox 927 2116 972 2157; x_wconf 91' lang='lat' dir='ltr'>in</span> <span class='ocrx_word' id='word_1_224' title='bbox 1004 2131 1087 2171; x_wconf 87' lang='lat' dir='ltr'>qua</span> <span class='ocrx_word' id='word_1_225' title='bbox 1118 2117 1227 2157; x_wconf 90' lang='lat' dir='ltr'>male</span> <span class='ocrx_word' id='word_1_226' title='bbox 1259 2117 1458 2159; x_wconf 88' lang='lat' dir='ltr'>vulneror</span> <span class='ocrx_word' id='word_1_227' title='bbox 1488 2131 1590 2172; x_wconf 86' lang='lat' dir='ltr'>una,</span> 
     </span>
     <span class='ocr_line' id='line_1_35' title="bbox 418 2172 1384 2230; baseline 0.003 -17"><span class='ocrx_word' id='word_1_228' title='bbox 418 2172 611 2227; x_wconf 82' lang='lat' dir='ltr'>Totaque</span> <span class='ocrx_word' id='word_1_229' title='bbox 644 2175 722 2216; x_wconf 92' lang='lat' dir='ltr'>sub</span> <span class='ocrx_word' id='word_1_230' title='bbox 755 2189 887 2230; x_wconf 83' lang='lat' dir='ltr'>regno</span> <span class='ocrx_word' id='word_1_231' title='bbox 919 2177 1033 2216; x_wconf 83' lang='lat' dir='ltr'>terra</span> <span class='ocrx_word' id='word_1_232' title='bbox 1064 2174 1208 2216; x_wconf 84' lang='lat' dir='ltr'>futura</span> <span class='ocrx_word' id='word_1_233' title='bbox 1238 2174 1384 2216; x_wconf 64' lang='lat' dir='ltr'>tuost?</span> 
     </span>
     <span class='ocr_line' id='line_1_36' title="bbox 291 2230 1348 2287; baseline 0.004 -17"><span class='ocrx_word' id='word_1_234' title='bbox 291 2241 341 2266; x_wconf 77' lang='lat'>285</span> <span class='ocrx_word' id='word_1_235' title='bbox 361 2230 441 2271; x_wconf 84' lang='lat' dir='ltr'>Illa</span> <span class='ocrx_word' id='word_1_236' title='bbox 472 2231 745 2287; x_wconf 86' lang='lat' dir='ltr'>loquebatur,</span> <span class='ocrx_word' id='word_1_237' title='bbox 776 2247 928 2274; x_wconf 84' lang='lat' dir='ltr'>navem</span> <span class='ocrx_word' id='word_1_238' title='bbox 961 2233 1153 2274; x_wconf 85' lang='lat' dir='ltr'>solvebat</span> <span class='ocrx_word' id='word_1_239' title='bbox 1184 2232 1348 2274; x_wconf 83' lang='lat' dir='ltr'>Ulixes:</span> 
     </span>
     <span class='ocr_line' id='line_1_37' title="bbox 418 2288 1294 2332; baseline 0.002 -3"><span class='ocrx_word' id='word_1_240' title='bbox 418 2288 556 2330; x_wconf 88' lang='lat' dir='ltr'>Inrita</span> <span class='ocrx_word' id='word_1_241' title='bbox 588 2304 683 2331; x_wconf 89' lang='lat' dir='ltr'>cum</span> <span class='ocrx_word' id='word_1_242' title='bbox 714 2291 818 2332; x_wconf 85' lang='lat' dir='ltr'>velis</span> <span class='ocrx_word' id='word_1_243' title='bbox 850 2291 980 2332; x_wconf 84' lang='lat' dir='ltr'>verba</span> <span class='ocrx_word' id='word_1_244' title='bbox 1011 2291 1144 2332; x_wconf 88' lang='lat' dir='ltr'>tulere</span> <span class='ocrx_word' id='word_1_245' title='bbox 1177 2290 1294 2332; x_wconf 88' lang='lat' dir='ltr'>Noti.</span> 
     </span>
     <span class='ocr_line' id='line_1_38' title="bbox 360 2346 1419 2403; baseline 0.003 -16"><span class='ocrx_word' id='word_1_246' title='bbox 360 2346 496 2388; x_wconf 86' lang='lat' dir='ltr'>Ardet</span> <span class='ocrx_word' id='word_1_247' title='bbox 528 2350 570 2389; x_wconf 89' lang='lat' dir='ltr'>et</span> <span class='ocrx_word' id='word_1_248' title='bbox 603 2349 800 2390; x_wconf 87' lang='lat' dir='ltr'>adsuetas</span> <span class='ocrx_word' id='word_1_249' title='bbox 833 2348 954 2390; x_wconf 82' lang='lat' dir='ltr'>Circe</span> <span class='ocrx_word' id='word_1_250' title='bbox 987 2349 1173 2391; x_wconf 89' lang='lat' dir='ltr'>decurrit</span> <span class='ocrx_word' id='word_1_251' title='bbox 1205 2350 1257 2390; x_wconf 86' lang='lat' dir='ltr'>ad</span> <span class='ocrx_word' id='word_1_252' title='bbox 1289 2352 1419 2403; x_wconf 86' lang='lat' dir='ltr'>artes,</span> 
     </span>
    </p>
   </div>
  </div>
 </body>
</html>
