1690 2656
259 147 340 188 166
766 144 1087 179 EPISTULAE.

315 241 447 283 Lecta
479 241 559 281 tibi
592 239 807 293 quondam
838 253 949 279 nunc
984 253 1151 293 quoque
1182 238 1311 279 verba
1342 238 1469 279 refer:

186 311 237 337 215
258 299 417 353 ςΝιὼθ,
448 298 629 353 precor,'
663 297 774 338 dicet
808 297 890 338 ‘cui
922 300 964 338 te
998 297 1110 337 bona
1140 296 1317 352 numina
1349 297 1551 352 iungunt3

317 357 450 406 Quem
482 357 571 397 fore
603 355 773 409 iurasti,
806 355 861 396 sit
895 369 1024 410 gener
1053 355 1125 395 ille
1158 354 1273 395 mihi.

258 415 458 468 Quisquis
490 415 527 455 is
555 417 632 468 est,
662 414 847 468 placeat,
879 413 1079 467 qnoniam
1104 413 1245 466 placet
1277 416 1375 454 ante
1401 412 1597 454 Dianae!'

315 473 430 514 Talis
464 473 545 513 erit
577 475 734 526 mater,
765 472 801 512 si
833 472 959 512 modo
992 474 1128 512 mater
1160 471 1259 522 erit,

258 530 339 572 Sed
371 535 517 572 tamen
548 530 609 585 (et
643 528 877 584 quaeram),
915 530 1009 583 quis
1049 530 1129 570 sim
1162 529 1402 584 qualisque,
1439 529 1598 571 videto:

188 600 238 625 220
316 589 510 630 Inveniet
542 588 664 629 vobis
698 588 962 630 consuluisse
996 588 1133 628 deam:

258 647 422 701 Insula,
454 646 676 688 Carthaeis
709 647 922 700 quondam
954 645 1227 687 celeberrima
1258 646 1475 701 nymphis,

317 704 517 760 Cingitur
549 706 740 760 Aegaeo,
769 704 942 745 nomine
975 702 1078 757 Cea,
1110 704 1234 744 mari:

258 764 339 805 Illa
370 764 476 804 mihi
507 763 708 818 patriast,
738 777 835 817 nec,
867 762 902 803 si
936 776 1142 817 generosa
1172 762 1365 815 probatis

318 821 523 876 Nomina,
555 821 765 876 despectis
799 835 956 875 arguor
989 824 1107 861 ortus
1141 820 1248 874 avis3

189 891 240 916 225
261 879 370 921 Sunt
402 884 444 920 et
478 894 578 934 opes
609 879 754 932 nobis,
787 882 886 919 sunt
920 882 961 919 et
994 878 1083 919 sine
1116 878 1291 919 crimine
1324 893 1482 919 mores:

319 938 517 992 Amplius
550 941 681 991 utque
712 937 840 991 nihil,
870 951 936 977 me
969 937 1050 977 tibi
1082 936 1222 990 iungit
1255 952 1384 977 amor.

260 997 494 1050 Appeteres
527 996 658 1036 talem
688 996 755 1036 vel
786 1009 874 1035 non
904 995 1044 1035 iurata
1076 995 1296 1049 maritum,

319 1055 490 1095 Iuratae
521 1054 588 1095 vel
618 1068 706 1094 non
737 1053 836 1094 talis
868 1053 1088 1093 habendus
1121 1056 1222 1093 erat.

260 1113 377 1154 Haec
408 1112 489 1153 tibi
521 1126 587 1153 me
618 1112 664 1152 in
695 1111 855 1152 somnis
887 1110 1113 1151 iaculatrix
1146 1110 1328 1151 scribere
1361 1111 1550 1165 Phoebe,

191 1183 241 1208 230
320 1171 436 1212 Haec
468 1170 549 1211 tibi
582 1184 647 1210 me
679 1170 855 1224 vigilem
887 1169 1070 1210 scribere
1101 1168 1227 1208 iussit
1258 1168 1410 1223 Amor,

262 1230 297 1270 E
325 1230 480 1282 quibus
514 1228 689 1269 alterius
721 1227 826 1268 mihi
857 1227 944 1267 iam
975 1241 1156 1267 nocuere
1190 1227 1393 1282 sagittae,

320 1287 510 1328 Alterius
542 1288 725 1327 noceant
756 1300 808 1326 ne
840 1285 921 1326 tibi
953 1285 1056 1338 tela,
1089 1286 1203 1325 cave!

261 1346 412 1387 Iuncta
444 1345 558 1385 salus
590 1347 798 1385 nostrast:
831 1344 1029 1384 miserere
1056 1343 1222 1396 meique
1254 1344 1418 1397 tuique!

321 1403 432 1452 Quid
464 1402 634 1443 dubitas
666 1417 795 1443 unam
826 1402 935 1442 ferre
969 1402 1134 1442 duobus
1168 1401 1321 1454 opem?

192 1474 242 1499 5235
264 1461 385 1511 Quod
418 1461 453 1502 si
485 1460 735 1516 contigerit,
767 1475 864 1501 cum
888 1460 975 1500 iam
1007 1460 1106 1500 data
1138 1459 1261 1514 signa
1294 1460 1508 1501 sonabunt

321 1520 557 1573 Tinctaque
589 1519 733 1560 votivo
767 1518 973 1573 sanguine
1005 1518 1136 1558 Delos
1169 1519 1269 1572 erit,

262 1578 405 1620 Aurea
435 1581 619 1632 ponetur
645 1577 746 1618 mali
779 1577 915 1617 felicis
947 1576 1111 1630 imago,

323 1636 544 1689 Causaque
576 1635 795 1676 versiculis
829 1634 988 1688 scripta
1020 1634 1185 1674 duobus
1218 1634 1314 1674 erit:

264 1695 437 1749 ‘Effigie
468 1694 586 1748 pomi
617 1696 801 1734 testatur
832 1692 1041 1733 Acontius
1073 1692 1218 1745 huius,

193 1765 244 1790 240
324 1753 440 1801 Quae
471 1752 632 1793 fuerint
662 1751 707 1792 in
739 1766 787 1792 eo
821 1751 997 1804 scripta,
1029 1750 1160 1790 fuisse
1193 1749 1312 1790 rata.'

263 1811 456 1866 Longior
486 1810 703 1850 infirmum
733 1823 785 1850 ne
817 1809 949 1850 lasset
981 1808 1164 1861 epistula
1196 1823 1348 1862 corpus

325 1868 563 1923 Clausaque
597 1870 800 1910 consueto
834 1867 890 1908 sit
923 1866 1005 1907 sibi
1038 1867 1138 1919 fine,
1170 1867 1279 1907 vale!

711 1981 913 2016 CYDIPPE
939 1981 1159 2015 ACONTIO.

125 2047 204 2083 XX.
225 2058 247 2082 20<
270 2043 454 2095 [Littera
484 2042 679 2097 pervenit
710 2045 801 2095 tua,
834 2055 916 2094 quo
950 2041 1189 2094 consuevit,
1220 2039 1396 2094 Aconti,

325 2101 383 2142 Et
414 2104 590 2155 paenest
624 2100 757 2141 oculis
788 2099 990 2140 insidiata
1023 2099 1196 2149 meis.]*

266 2159 475 2200 Pertimui
508 2159 797 2212 scriptumque
830 2161 950 2198 tuum
983 2157 1072 2197 sine
1105 2171 1319 2197 murmure
1351 2156 1454 2211 legi,

326 2217 493 2258 Iuraret
523 2231 575 2256 ne
609 2231 714 2269 quos
747 2215 881 2257 inscia
912 2215 1059 2270 lingua
1091 2215 1210 2269 deos,

268 2275 344 2328 Et,
374 2278 499 2328 puto,
531 2277 748 2327 captasses
780 2274 957 2327 iterum,
988 2273 1090 2326 nisi,
1122 2276 1169 2313 ut
1199 2272 1291 2326 ipse
1323 2272 1491 2325 fateris,

326 2333 590 2374 Promissam
623 2332 751 2372 scires
784 2346 850 2372 me
884 2331 987 2372 satis
1021 2345 1112 2372 esse
1145 2331 1285 2371 semel.
