1690 2656
313 152 397 194 218
765 152 868 187 ARs
893 151 1195 188 AMATORIA.

315 248 383 290 Sic
418 249 584 290 monuit
617 248 833 289 Phoebus:
866 247 1039 290 Phoebo
1071 251 1218 302 parete
1250 250 1456 291 monenti!

242 318 295 343 510
375 306 501 348 Certa
533 307 600 347 dei
633 309 797 348 sacrost
828 306 954 347 huius
986 307 1031 347 in
1063 321 1134 348 ore
1166 307 1280 348 fides.

316 365 381 406 Ad
415 365 618 419 propiora
648 379 794 406 vocor:
828 364 1021 419 quisquis
1055 365 1270 419 sapienter
1301 366 1479 420 amabit,

373 423 528 464 Vincet
561 426 620 477 et,
653 438 674 464 e
705 426 854 464 nostra
886 423 998 476 quod
1029 426 1147 477 petet
1179 427 1287 478 arte,
1318 424 1436 465 feret.

315 481 487 523 Credita
518 496 605 522 non
638 496 804 535 semper
837 482 943 523 sulci
976 496 1072 523 cum
1102 482 1275 523 foenore
1307 483 1506 537 reddunt,

372 539 463 581 Nec
496 554 663 594 semper
695 540 844 581 dubias
878 540 1050 581 adiuvat
1083 555 1185 581 aura
1216 543 1350 596 rates3

242 609 293 635 515
315 597 436 647 Quod
467 598 604 652 iuvat,
636 598 855 653 exiguum,
885 599 981 652 plus
1015 601 1097 652 est,
1130 599 1242 652 quod
1273 599 1414 640 laedat
1447 602 1654 641 amantes:

371 656 621 710 Proponant
654 657 809 702 animo,
828 657 965 697 multa
995 657 1168 698 serenda
1200 658 1294 698 suo!

313 714 428 763 Quot
458 715 624 769 lepores
656 715 702 755 in
733 715 863 770 Atho,
896 718 1002 768 quot
1033 729 1132 770 apes
1164 718 1399 769 pascuntur
1429 716 1475 757 in
1499 716 1655 771 Hybla,

372 773 552 814 Caerula
585 776 689 827 quot
720 774 848 815 bacas
880 773 1067 815 Palladis
1101 774 1227 814 arbor
1258 773 1406 828 habet,

312 831 458 872 Litore
493 835 598 885 quot
630 832 835 886 conchae⁷
866 835 933 873 tot
966 835 1065 873 sunt
1096 832 1141 873 in
1173 847 1316 873 amore
1349 833 1532 874 dolores!

242 901 293 927 520
374 890 490 939 Quae
521 890 727 945 patimur,
758 891 894 931 multo
927 890 1091 944 spicula
1122 890 1220 931 felle
1253 891 1436 933 madent.

312 948 441 989 Dicta
473 949 554 989 erit
585 949 668 990 isse
700 951 834 1002 foras,
867 963 994 1002 quam
1026 952 1074 989 tu
1105 949 1288 990 fortasse
1321 950 1500 991 videbis:

371 1007 460 1047 Isse
493 1007 609 1048 foras
642 1010 684 1048 et
715 1010 757 1048 te
790 1007 899 1047 falsa
929 1007 1070 1048 videre
1102 1008 1226 1060 puta!

313 1063 468 1106 Clausa
499 1065 580 1106 tibi
613 1065 741 1106 fuerit
773 1065 985 1119 promissa
1015 1065 1144 1106 ianua
1174 1068 1317 1107 nocte:

370 1122 517 1164 Perfer
549 1127 590 1164 et
622 1124 826 1164 inmunda
856 1138 1013 1177 ponere
1047 1138 1200 1177 corpus
1231 1123 1379 1165 humo!

241 1193 291 1218 5⁴25
311 1181 515 1222 Forsitan
547 1185 588 1222 et
620 1182 742 1223 vultu
773 1182 953 1223 mendax
985 1182 1139 1222 ancilla
1171 1182 1354 1235 superbo

370 1240 495 1281 Dicet
527 1240 644 1293 equid
674 1243 844 1281 nostras
878 1240 1048 1281 obsidet
1074 1240 1156 1280 iste
1182 1240 1340 1281 fores?⁷

310 1297 513 1339 Postibus
546 1302 588 1339 et
619 1299 747 1339 durae
781 1298 958 1353 supplex
989 1298 1181 1339 blandire
1212 1298 1378 1352 puellae

369 1357 427 1398 Et
461 1357 591 1410 capiti
624 1357 816 1411 demptas
849 1357 895 1397 in
925 1356 1016 1397 fore
1048 1371 1158 1410 pone
1189 1358 1325 1398 rosas!

312 1414 419 1456 Cum
452 1415 584 1469 volet,
617 1416 807 1470 aceedes3
839 1430 935 1456 cum
967 1418 1008 1456 te
1040 1415 1213 1468 vitabit,
1246 1415 1400 1456 abibis:

240 1486 291 1510 530
369 1473 556 1514 Dedecet
587 1473 796 1528 ingenuos
829 1473 969 1515 taedia
1000 1473 1109 1514 ferre
1143 1473 1228 1527 sui3

312 1531 528 1586 ‘Effugere
560 1532 673 1573 hunc
704 1546 791 1572 non
823 1531 903 1573 est'
937 1546 1066 1585 quare
1097 1531 1178 1572 tibi
1209 1531 1348 1585 possit
1381 1532 1517 1573 amica

369 1590 550 1631 Dicere?
581 1605 668 1631 non
700 1590 816 1631 omni
847 1593 1038 1644 tempore
1071 1604 1218 1631 sensus
1247 1590 1379 1631 obest.

310 1648 400 1689 Nec
432 1649 660 1689 maledicta
690 1652 795 1703 puta
825 1663 902 1690 neo
934 1648 1110 1689 verbera
1139 1648 1249 1688 ferre
1280 1648 1445 1701 puellae

368 1706 508 1761 Turpe
539 1721 616 1748 nec
650 1708 701 1748 ad
733 1710 902 1747 teneros
936 1706 1081 1747 oscula
1111 1705 1221 1747 ferre
1252 1706 1396 1760 pedes!

238 1777 290 1802 535
311 1763 421 1813 Quid
452 1780 596 1806 moror
627 1765 673 1805 in
702 1765 875 1819 parvis?
908 1765 1074 1805 animus
1106 1764 1340 1805 maioribus
1372 1764 1524 1819 instat3

367 1823 527 1878 Magna
559 1838 724 1864 canam:
757 1826 850 1864 toto
882 1826 1072 1877 pectore,
1103 1822 1276 1877 vulgus,
1308 1823 1424 1864 ades!

309 1881 456 1922 Ardua
487 1882 706 1936 molimur3
739 1882 811 1922 sed
841 1881 977 1935 nulla,
1007 1881 1091 1922 nisi
1123 1881 1270 1935 ardua,
1302 1881 1455 1923 virtus:

367 1939 568 1981 Difficilis
601 1943 749 1981 nostra
780 1940 972 1994 poscitur
1005 1943 1094 1980 arte
1125 1939 1258 1980 labor.

308 1997 504 2039 Rivalem
535 1998 747 2052 patienter
778 1998 904 2039 habe:
936 1998 1117 2039 victoria
1146 2002 1288 2039 tecum

238 2066 291 2092 540
370 2055 529 2110 Stabit3
561 2057 644 2097 eris
675 2056 821 2111 magni
852 2056 989 2097 victor
1019 2056 1065 2096 in
1097 2059 1186 2096 arte
1218 2055 1343 2097 Iovis.
1442 2092 1446 2096 .

308 2113 425 2154 Haec
458 2115 538 2155 tibi
569 2129 657 2156 non
685 2114 922 2168 hominem,
955 2115 1026 2155 sed
1059 2128 1237 2167 quercus
1270 2113 1390 2154 crede
1421 2113 1623 2169 Pelasgas

368 2171 536 2213 Dicere!
569 2173 629 2213 nil
661 2173 757 2214 istis
791 2188 857 2213 ars
890 2187 984 2213 mea
1016 2172 1153 2213 maius
1184 2172 1325 2212 habet.

309 2229 465 2270 Innuet
494 2230 586 2271 illa:
618 2232 748 2286 feras;
782 2231 955 2272 scribet:
987 2245 1039 2271 ne
1072 2234 1201 2285 tange
1233 2229 1431 2285 tabellas3

367 2287 489 2328 Unde
521 2289 653 2342 volet,
684 2289 846 2343 veniat,
878 2303 1044 2342 quoque
1076 2288 1247 2342 libebit,
1279 2289 1363 2329 eat!

237 2357 289 2382 545
308 2345 401 2388 Hoc
435 2346 481 2387 in
511 2346 705 2401 legitima
736 2350 956 2401 praestant
988 2361 1118 2388 uxore
1151 2346 1311 2400 mariti,
