<?xml version="1.0" encoding="UTF-8"?>
<!DOCTYPE html PUBLIC "-//W3C//DTD XHTML 1.0 Transitional//EN"
    "http://www.w3.org/TR/xhtml1/DTD/xhtml1-transitional.dtd">
<html xmlns="http://www.w3.org/1999/xhtml" xml:lang="en" lang="en">
 <head>
  <title>
</title>
<meta http-equiv="Content-Type" content="text/html;charset=utf-8" />
  <meta name='ocr-system' content='tesseract 3.04.00' />
  <meta name='ocr-capabilities' content='ocr_page ocr_carea ocr_par ocr_line ocrx_word'/>
</head>
<body>
  <div class='ocr_page' id='page_1' title='image "./operaovid03oviduoft_0126.png"; bbox 0 0 1690 2656; ppageno 0'>
   <div class='ocr_carea' id='block_1_1' title="bbox 228 138 1042 181">
    <p class='ocr_par' dir='ltr' id='par_1_1' title="bbox 228 138 1042 181">
     <span class='ocr_line' id='line_1_1' title="bbox 228 138 1042 181; baseline 0 -8"><span class='ocrx_word' id='word_1_1' title='bbox 228 141 282 181; x_wconf 76' lang='lat'>74</span> <span class='ocrx_word' id='word_1_2' title='bbox 748 138 1042 174; x_wconf 85' lang='lat' dir='ltr'>HEROIDES.</span> 
     </span>
    </p>
   </div>
   <div class='ocr_carea' id='block_1_2' title="bbox 174 234 1570 2386">
    <p class='ocr_par' dir='ltr' id='par_1_2' title="bbox 174 234 1570 2386">
     <span class='ocr_line' id='line_1_2' title="bbox 251 234 1371 290; baseline 0 -15"><span class='ocrx_word' id='word_1_3' title='bbox 251 235 395 277; x_wconf 71' lang='lat' dir='ltr'>*Cum</span> <span class='ocrx_word' id='word_1_4' title='bbox 427 249 550 290; x_wconf 92' lang='lat' dir='ltr'>prece</span> <span class='ocrx_word' id='word_1_5' title='bbox 583 234 825 275; x_wconf 86' lang='lat' dir='ltr'>turicremis</span> <span class='ocrx_word' id='word_1_6' title='bbox 859 248 954 275; x_wconf 88' lang='lat' dir='ltr'>sum</span> <span class='ocrx_word' id='word_1_7' title='bbox 986 236 1188 276; x_wconf 83' lang='lat' dir='ltr'>venerata</span> <span class='ocrx_word' id='word_1_8' title='bbox 1220 234 1371 288; x_wconf 74' lang='lat' dir='ltr'>saeris3</span> 
     </span>
     <span class='ocr_line' id='line_1_3' title="bbox 228 291 1437 349; baseline -0.004 -13"><span class='ocrx_word' id='word_1_9' title='bbox 228 294 381 349; x_wconf 81' lang='lat' dir='ltr'>Saepe,</span> <span class='ocrx_word' id='word_1_10' title='bbox 412 294 558 334; x_wconf 87' lang='lat' dir='ltr'>videns</span> <span class='ocrx_word' id='word_1_11' title='bbox 591 295 741 333; x_wconf 79' lang='lat' dir='ltr'>ventos</span> <span class='ocrx_word' id='word_1_12' title='bbox 774 291 890 333; x_wconf 87' lang='lat' dir='ltr'>caelo</span> <span class='ocrx_word' id='word_1_13' title='bbox 923 292 1160 347; x_wconf 79' lang='lat' dir='ltr'>pelagoque</span> <span class='ocrx_word' id='word_1_14' title='bbox 1193 292 1437 347; x_wconf 77' lang='lat' dir='ltr'>faventes,*</span> 
     </span>
     <span class='ocr_line' id='line_1_4' title="bbox 174 349 1174 407; baseline 0.003 -18"><span class='ocrx_word' id='word_1_15' title='bbox 174 365 207 389; x_wconf 64' lang='grc' dir='ltr'>ρο</span> <span class='ocrx_word' id='word_1_16' title='bbox 286 353 385 407; x_wconf 84' lang='lat' dir='ltr'>Ipsa</span> <span class='ocrx_word' id='word_1_17' title='bbox 416 351 521 392; x_wconf 86' lang='lat' dir='ltr'>mihi</span> <span class='ocrx_word' id='word_1_18' title='bbox 555 350 639 391; x_wconf 78' lang='lat' dir='ltr'>dixi</span> <span class='ocrx_word' id='word_1_19' title='bbox 673 349 725 391; x_wconf 73' lang='lat' dir='ltr'>esi</span> <span class='ocrx_word' id='word_1_20' title='bbox 757 350 871 391; x_wconf 79' lang='lat' dir='ltr'>valet</span> <span class='ocrx_word' id='word_1_21' title='bbox 903 350 993 405; x_wconf 87' lang='lat' dir='ltr'>ille,</span> <span class='ocrx_word' id='word_1_22' title='bbox 1025 350 1174 404; x_wconf 77' lang='lat' dir='ltr'>venit&#39;3</span> 
     </span>
     <span class='ocr_line' id='line_1_5' title="bbox 226 408 1526 465; baseline -0.002 -13"><span class='ocrx_word' id='word_1_23' title='bbox 226 411 419 465; x_wconf 80' lang='lat' dir='ltr'>Denique</span> <span class='ocrx_word' id='word_1_24' title='bbox 451 410 560 450; x_wconf 88' lang='lat' dir='ltr'>fidus</span> <span class='ocrx_word' id='word_1_25' title='bbox 594 422 731 463; x_wconf 90' lang='lat' dir='ltr'>amor,</span> <span class='ocrx_word' id='word_1_26' title='bbox 763 408 968 462; x_wconf 87' lang='lat' dir='ltr'>quidquid</span> <span class='ocrx_word' id='word_1_27' title='bbox 999 409 1329 463; x_wconf 71' lang='lat' dir='ltr'>properantibus</span> <span class='ocrx_word' id='word_1_28' title='bbox 1363 409 1526 464; x_wconf 87' lang='lat' dir='ltr'>obstat,</span> 
     </span>
     <span class='ocr_line' id='line_1_6' title="bbox 286 467 1148 522; baseline -0.001 -13"><span class='ocrx_word' id='word_1_29' title='bbox 286 468 448 521; x_wconf 80' lang='lat' dir='ltr'>Finxit,</span> <span class='ocrx_word' id='word_1_30' title='bbox 482 470 524 508; x_wconf 85' lang='lat' dir='ltr'>et</span> <span class='ocrx_word' id='word_1_31' title='bbox 557 467 608 507; x_wconf 90' lang='lat' dir='ltr'>ad</span> <span class='ocrx_word' id='word_1_32' title='bbox 641 481 789 508; x_wconf 89' lang='lat' dir='ltr'>causas</span> <span class='ocrx_word' id='word_1_33' title='bbox 821 467 1046 522; x_wconf 89' lang='lat' dir='ltr'>ingeniosa</span> <span class='ocrx_word' id='word_1_34' title='bbox 1076 468 1148 508; x_wconf 80' lang='lat' dir='ltr'>fui.</span> 
     </span>
     <span class='ocr_line' id='line_1_7' title="bbox 226 525 1282 579; baseline -0.002 -11"><span class='ocrx_word' id='word_1_35' title='bbox 226 527 285 568; x_wconf 75' lang='lat' dir='ltr'>At</span> <span class='ocrx_word' id='word_1_36' title='bbox 318 531 365 567; x_wconf 87' lang='lat' dir='ltr'>tu</span> <span class='ocrx_word' id='word_1_37' title='bbox 396 527 537 566; x_wconf 86' lang='lat' dir='ltr'>lentus</span> <span class='ocrx_word' id='word_1_38' title='bbox 571 525 690 579; x_wconf 88' lang='lat' dir='ltr'>abes,</span> <span class='ocrx_word' id='word_1_39' title='bbox 720 540 797 566; x_wconf 89' lang='lat' dir='ltr'>nec</span> <span class='ocrx_word' id='word_1_40' title='bbox 829 528 872 566; x_wconf 89' lang='lat' dir='ltr'>te</span> <span class='ocrx_word' id='word_1_41' title='bbox 903 525 1043 567; x_wconf 86' lang='lat' dir='ltr'>iurata</span> <span class='ocrx_word' id='word_1_42' title='bbox 1074 526 1282 567; x_wconf 85' lang='lat' dir='ltr'>reducunt</span> 
     </span>
     <span class='ocr_line' id='line_1_8' title="bbox 286 584 1287 638; baseline 0 -13"><span class='ocrx_word' id='word_1_43' title='bbox 286 584 492 638; x_wconf 89' lang='lat' dir='ltr'>Numina,</span> <span class='ocrx_word' id='word_1_44' title='bbox 522 597 600 624; x_wconf 88' lang='lat' dir='ltr'>nec</span> <span class='ocrx_word' id='word_1_45' title='bbox 631 587 781 624; x_wconf 86' lang='lat' dir='ltr'>nostro</span> <span class='ocrx_word' id='word_1_46' title='bbox 814 586 955 624; x_wconf 89' lang='lat' dir='ltr'>motus</span> <span class='ocrx_word' id='word_1_47' title='bbox 990 598 1132 625; x_wconf 90' lang='lat' dir='ltr'>amore</span> <span class='ocrx_word' id='word_1_48' title='bbox 1164 585 1287 625; x_wconf 87' lang='lat' dir='ltr'>redis.</span> 
     </span>
     <span class='ocr_line' id='line_1_9' title="bbox 176 641 1340 697; baseline -0.001 -13"><span class='ocrx_word' id='word_1_49' title='bbox 176 655 208 680; x_wconf 79' lang='lat'>25</span> <span class='ocrx_word' id='word_1_50' title='bbox 230 643 533 697; x_wconf 75' lang='lat' dir='ltr'>Demophoon,</span> <span class='ocrx_word' id='word_1_51' title='bbox 564 641 701 682; x_wconf 82' lang='lat' dir='ltr'>ventis</span> <span class='ocrx_word' id='word_1_52' title='bbox 736 645 778 682; x_wconf 84' lang='lat' dir='ltr'>et</span> <span class='ocrx_word' id='word_1_53' title='bbox 809 642 939 683; x_wconf 74' lang='lat' dir='ltr'>verba</span> <span class='ocrx_word' id='word_1_54' title='bbox 970 645 1012 683; x_wconf 90' lang='lat' dir='ltr'>et</span> <span class='ocrx_word' id='word_1_55' title='bbox 1044 642 1137 684; x_wconf 78' lang='lat' dir='ltr'>vela</span> <span class='ocrx_word' id='word_1_56' title='bbox 1170 643 1340 684; x_wconf 88' lang='lat' dir='ltr'>dedisti:</span> 
     </span>
     <span class='ocr_line' id='line_1_10' title="bbox 286 700 1228 755; baseline 0 -14"><span class='ocrx_word' id='word_1_57' title='bbox 286 701 393 742; x_wconf 72' lang='lat' dir='ltr'>Vela</span> <span class='ocrx_word' id='word_1_58' title='bbox 426 715 580 754; x_wconf 90' lang='lat' dir='ltr'>queror</span> <span class='ocrx_word' id='word_1_59' title='bbox 611 700 769 755; x_wconf 88' lang='lat' dir='ltr'>1·editu,</span> <span class='ocrx_word' id='word_1_60' title='bbox 800 701 931 741; x_wconf 84' lang='lat' dir='ltr'>Verba</span> <span class='ocrx_word' id='word_1_61' title='bbox 963 715 1104 742; x_wconf 88' lang='lat' dir='ltr'>carere</span> <span class='ocrx_word' id='word_1_62' title='bbox 1135 701 1228 742; x_wconf 90' lang='lat' dir='ltr'>fide.</span> 
     </span>
     <span class='ocr_line' id='line_1_11' title="bbox 227 758 1409 814; baseline -0.002 -13"><span class='ocrx_word' id='word_1_63' title='bbox 227 760 306 801; x_wconf 89' lang='lat' dir='ltr'>Dic</span> <span class='ocrx_word' id='word_1_64' title='bbox 340 759 463 814; x_wconf 88' lang='lat' dir='ltr'>mihi,</span> <span class='ocrx_word' id='word_1_65' title='bbox 496 758 597 813; x_wconf 89' lang='lat' dir='ltr'>quid</span> <span class='ocrx_word' id='word_1_66' title='bbox 628 759 729 813; x_wconf 82' lang='lat' dir='ltr'>feci,</span> <span class='ocrx_word' id='word_1_67' title='bbox 759 759 843 799; x_wconf 87' lang='lat' dir='ltr'>nisi</span> <span class='ocrx_word' id='word_1_68' title='bbox 874 773 961 799; x_wconf 91' lang='lat' dir='ltr'>non</span> <span class='ocrx_word' id='word_1_69' title='bbox 994 759 1209 813; x_wconf 71' lang='lat' dir='ltr'>sapienter</span> <span class='ocrx_word' id='word_1_70' title='bbox 1241 759 1409 801; x_wconf 74' lang='lat' dir='ltr'>amavi?</span> 
     </span>
     <span class='ocr_line' id='line_1_12' title="bbox 287 816 1132 871; baseline -0.001 -13"><span class='ocrx_word' id='word_1_71' title='bbox 287 816 474 859; x_wconf 78' lang='lat' dir='ltr'>Crimine</span> <span class='ocrx_word' id='word_1_72' title='bbox 506 820 548 858; x_wconf 90' lang='lat' dir='ltr'>te</span> <span class='ocrx_word' id='word_1_73' title='bbox 580 817 703 871; x_wconf 86' lang='lat' dir='ltr'>potui</span> <span class='ocrx_word' id='word_1_74' title='bbox 735 817 994 858; x_wconf 83' lang='lat' dir='ltr'>demeruisse</span> <span class='ocrx_word' id='word_1_75' title='bbox 1027 832 1132 859; x_wconf 88' lang='lat' dir='ltr'>meo.</span> 
     </span>
     <span class='ocr_line' id='line_1_13' title="bbox 228 875 1510 930; baseline -0.002 -12"><span class='ocrx_word' id='word_1_76' title='bbox 228 876 372 918; x_wconf 90' lang='lat' dir='ltr'>Unum</span> <span class='ocrx_word' id='word_1_77' title='bbox 401 876 447 916; x_wconf 87' lang='lat' dir='ltr'>in</span> <span class='ocrx_word' id='word_1_78' title='bbox 478 890 545 916; x_wconf 91' lang='lat' dir='ltr'>me</span> <span class='ocrx_word' id='word_1_79' title='bbox 578 876 715 916; x_wconf 81' lang='lat' dir='ltr'>scelus</span> <span class='ocrx_word' id='word_1_80' title='bbox 750 879 831 929; x_wconf 84' lang='lat' dir='ltr'>est,</span> <span class='ocrx_word' id='word_1_81' title='bbox 863 876 976 929; x_wconf 89' lang='lat' dir='ltr'>quod</span> <span class='ocrx_word' id='word_1_82' title='bbox 1007 879 1068 930; x_wconf 88' lang='lat' dir='ltr'>te,</span> <span class='ocrx_word' id='word_1_83' title='bbox 1099 876 1321 930; x_wconf 86' lang='lat' dir='ltr'>scelerate,</span> <span class='ocrx_word' id='word_1_84' title='bbox 1351 875 1510 930; x_wconf 91' lang='lat' dir='ltr'>recepi,</span> 
     </span>
     <span class='ocr_line' id='line_1_14' title="bbox 175 933 1441 987; baseline -0.001 -12"><span class='ocrx_word' id='word_1_85' title='bbox 175 946 209 971; x_wconf 87' lang='lat'>30</span> <span class='ocrx_word' id='word_1_86' title='bbox 290 933 372 975; x_wconf 79' lang='lat' dir='ltr'>Sed</span> <span class='ocrx_word' id='word_1_87' title='bbox 404 934 541 975; x_wconf 83' lang='lat' dir='ltr'>scelus</span> <span class='ocrx_word' id='word_1_88' title='bbox 573 933 654 974; x_wconf 89' lang='grc'>]100</span> <span class='ocrx_word' id='word_1_89' title='bbox 687 934 829 974; x_wconf 81' lang='lat' dir='ltr'>meriti</span> <span class='ocrx_word' id='word_1_90' title='bbox 859 934 1026 987; x_wconf 89' lang='lat' dir='ltr'>pondus</span> <span class='ocrx_word' id='word_1_91' title='bbox 1060 937 1102 975; x_wconf 91' lang='lat' dir='ltr'>et</span> <span class='ocrx_word' id='word_1_92' title='bbox 1133 934 1270 975; x_wconf 88' lang='lat' dir='ltr'>instar</span> <span class='ocrx_word' id='word_1_93' title='bbox 1300 934 1441 975; x_wconf 86' lang='lat' dir='ltr'>habet.</span> 
     </span>
     <span class='ocr_line' id='line_1_15' title="bbox 227 992 1501 1047; baseline -0.001 -13"><span class='ocrx_word' id='word_1_94' title='bbox 227 993 346 1046; x_wconf 89' lang='lat' dir='ltr'>Iura,</span> <span class='ocrx_word' id='word_1_95' title='bbox 377 993 481 1033; x_wconf 87' lang='lat' dir='ltr'>fides</span> <span class='ocrx_word' id='word_1_96' title='bbox 514 992 588 1032; x_wconf 91' lang='lat' dir='ltr'>ubi</span> <span class='ocrx_word' id='word_1_97' title='bbox 620 1006 732 1032; x_wconf 88' lang='lat' dir='ltr'>nunc</span> <span class='ocrx_word' id='word_1_98' title='bbox 765 992 1075 1046; x_wconf 89' lang='lat' dir='ltr'>commissaque</span> <span class='ocrx_word' id='word_1_99' title='bbox 1109 993 1281 1034; x_wconf 83' lang='lat' dir='ltr'>dextera</span> <span class='ocrx_word' id='word_1_100' title='bbox 1312 993 1501 1047; x_wconf 86' lang='lat' dir='ltr'>dextrae,</span> 
     </span>
     <span class='ocr_line' id='line_1_16' title="bbox 288 1050 1303 1104; baseline 0.001 -13"><span class='ocrx_word' id='word_1_101' title='bbox 288 1050 452 1104; x_wconf 82' lang='lat' dir='ltr'>Quique</span> <span class='ocrx_word' id='word_1_102' title='bbox 485 1053 576 1091; x_wconf 90' lang='lat' dir='ltr'>erat</span> <span class='ocrx_word' id='word_1_103' title='bbox 606 1050 651 1090; x_wconf 91' lang='lat' dir='ltr'>in</span> <span class='ocrx_word' id='word_1_104' title='bbox 683 1050 792 1090; x_wconf 83' lang='lat' dir='ltr'>falso</span> <span class='ocrx_word' id='word_1_105' title='bbox 824 1050 1034 1104; x_wconf 85' lang='lat' dir='ltr'>plurimus</span> <span class='ocrx_word' id='word_1_106' title='bbox 1068 1065 1138 1091; x_wconf 88' lang='lat' dir='ltr'>ore</span> <span class='ocrx_word' id='word_1_107' title='bbox 1172 1050 1303 1092; x_wconf 78' lang='lat' dir='ltr'>deus?</span> 
     </span>
     <span class='ocr_line' id='line_1_17' title="bbox 227 1108 1459 1164; baseline 0 -14"><span class='ocrx_word' id='word_1_108' title='bbox 227 1109 471 1150; x_wconf 83' lang='lat' dir='ltr'>Promissus</span> <span class='ocrx_word' id='word_1_109' title='bbox 505 1108 643 1149; x_wconf 87' lang='lat' dir='ltr'>socios</span> <span class='ocrx_word' id='word_1_110' title='bbox 676 1108 749 1148; x_wconf 89' lang='lat' dir='ltr'>ubi</span> <span class='ocrx_word' id='word_1_111' title='bbox 781 1123 892 1150; x_wconf 85' lang='lat' dir='ltr'>nunc</span> <span class='ocrx_word' id='word_1_112' title='bbox 924 1109 1197 1163; x_wconf 85' lang='lat' dir='ltr'>Hymenaeus</span> <span class='ocrx_word' id='word_1_113' title='bbox 1228 1109 1275 1150; x_wconf 89' lang='lat' dir='ltr'>in</span> <span class='ocrx_word' id='word_1_114' title='bbox 1306 1123 1459 1164; x_wconf 85' lang='lat' dir='ltr'>annos,</span> 
     </span>
     <span class='ocr_line' id='line_1_18' title="bbox 288 1166 1327 1221; baseline 0 -13"><span class='ocrx_word' id='word_1_115' title='bbox 288 1167 369 1216; x_wconf 76' lang='lat' dir='ltr'>Qui</span> <span class='ocrx_word' id='word_1_116' title='bbox 401 1166 508 1208; x_wconf 89' lang='lat' dir='ltr'>mihi</span> <span class='ocrx_word' id='word_1_117' title='bbox 541 1166 729 1221; x_wconf 83' lang='lat' dir='ltr'>coniugii</span> <span class='ocrx_word' id='word_1_118' title='bbox 762 1180 942 1220; x_wconf 90' lang='lat' dir='ltr'>sponsor</span> <span class='ocrx_word' id='word_1_119' title='bbox 975 1170 1016 1208; x_wconf 91' lang='lat' dir='ltr'>et</span> <span class='ocrx_word' id='word_1_120' title='bbox 1049 1168 1174 1208; x_wconf 86' lang='lat' dir='ltr'>obses</span> <span class='ocrx_word' id='word_1_121' title='bbox 1207 1167 1327 1208; x_wconf 85' lang='lat' dir='ltr'>erat‘?</span> 
     </span>
     <span class='ocr_line' id='line_1_19' title="bbox 176 1225 1438 1280; baseline 0 -14"><span class='ocrx_word' id='word_1_122' title='bbox 176 1238 210 1262; x_wconf 82' lang='lat'>35</span> <span class='ocrx_word' id='word_1_123' title='bbox 229 1226 309 1267; x_wconf 89' lang='lat' dir='ltr'>Per</span> <span class='ocrx_word' id='word_1_124' title='bbox 341 1240 476 1279; x_wconf 86' lang='lat' dir='ltr'>mare,</span> <span class='ocrx_word' id='word_1_125' title='bbox 508 1225 622 1278; x_wconf 87' lang='lat' dir='ltr'>quod</span> <span class='ocrx_word' id='word_1_126' title='bbox 654 1228 795 1265; x_wconf 85' lang='lat' dir='ltr'>totum</span> <span class='ocrx_word' id='word_1_127' title='bbox 827 1225 965 1266; x_wconf 85' lang='lat' dir='ltr'>ventis</span> <span class='ocrx_word' id='word_1_128' title='bbox 999 1225 1190 1280; x_wconf 80' lang='lat' dir='ltr'>agitatur</span> <span class='ocrx_word' id='word_1_129' title='bbox 1221 1229 1263 1266; x_wconf 86' lang='lat' dir='ltr'>et</span> <span class='ocrx_word' id='word_1_130' title='bbox 1294 1226 1438 1280; x_wconf 89' lang='lat' dir='ltr'>undis,</span> 
     </span>
     <span class='ocr_line' id='line_1_20' title="bbox 287 1283 1397 1338; baseline 0.002 -15"><span class='ocrx_word' id='word_1_131' title='bbox 287 1283 368 1324; x_wconf 90' lang='lat' dir='ltr'>Per</span> <span class='ocrx_word' id='word_1_132' title='bbox 401 1283 513 1338; x_wconf 87' lang='lat' dir='ltr'>quod</span> <span class='ocrx_word' id='word_1_133' title='bbox 546 1297 670 1337; x_wconf 85' lang='lat' dir='ltr'>saepe</span> <span class='ocrx_word' id='word_1_134' title='bbox 701 1283 831 1337; x_wconf 88' lang='lat' dir='ltr'>ieras,</span> <span class='ocrx_word' id='word_1_135' title='bbox 862 1298 945 1337; x_wconf 14' lang='lat' dir='ltr'>perr</span> <span class='ocrx_word' id='word_1_136' title='bbox 969 1284 1083 1336; x_wconf 88' lang='lat' dir='ltr'>quod</span> <span class='ocrx_word' id='word_1_137' title='bbox 1113 1284 1253 1324; x_wconf 87' lang='lat' dir='ltr'>iturus</span> <span class='ocrx_word' id='word_1_138' title='bbox 1287 1299 1397 1338; x_wconf 85' lang='lat' dir='ltr'>eras,</span> 
     </span>
     <span class='ocr_line' id='line_1_21' title="bbox 229 1341 1399 1397; baseline 0 -14"><span class='ocrx_word' id='word_1_139' title='bbox 229 1342 392 1396; x_wconf 84' lang='lat' dir='ltr'>Perque</span> <span class='ocrx_word' id='word_1_140' title='bbox 425 1344 548 1382; x_wconf 88' lang='lat' dir='ltr'>tuum</span> <span class='ocrx_word' id='word_1_141' title='bbox 579 1341 686 1382; x_wconf 88' lang='lat' dir='ltr'>mihi</span> <span class='ocrx_word' id='word_1_142' title='bbox 716 1341 887 1395; x_wconf 88' lang='lat' dir='ltr'>iurasti,</span> <span class='ocrx_word' id='word_1_143' title='bbox 918 1341 1002 1382; x_wconf 88' lang='lat' dir='ltr'>nisi</span> <span class='ocrx_word' id='word_1_144' title='bbox 1034 1342 1159 1382; x_wconf 87' lang='lat' dir='ltr'>fictus</span> <span class='ocrx_word' id='word_1_145' title='bbox 1193 1345 1234 1382; x_wconf 90' lang='lat' dir='ltr'>et</span> <span class='ocrx_word' id='word_1_146' title='bbox 1265 1342 1399 1397; x_wconf 85' lang='lat' dir='ltr'>illest,</span> 
     </span>
     <span class='ocr_line' id='line_1_22' title="bbox 289 1399 1344 1455; baseline 0 -14"><span class='ocrx_word' id='word_1_147' title='bbox 289 1399 468 1441; x_wconf 84' lang='lat' dir='ltr'>Concita</span> <span class='ocrx_word' id='word_1_148' title='bbox 501 1399 573 1453; x_wconf 90' lang='lat' dir='ltr'>qui</span> <span class='ocrx_word' id='word_1_149' title='bbox 604 1399 742 1440; x_wconf 77' lang='lat' dir='ltr'>ventis</span> <span class='ocrx_word' id='word_1_150' title='bbox 776 1414 960 1454; x_wconf 90' lang='lat' dir='ltr'>aequora</span> <span class='ocrx_word' id='word_1_151' title='bbox 992 1400 1168 1454; x_wconf 87' lang='lat' dir='ltr'>mulcet,</span> <span class='ocrx_word' id='word_1_152' title='bbox 1201 1415 1344 1455; x_wconf 88' lang='lat' dir='ltr'>avum,</span> 
     </span>
     <span class='ocr_line' id='line_1_23' title="bbox 228 1458 1355 1513; baseline 0 -14"><span class='ocrx_word' id='word_1_153' title='bbox 228 1459 310 1500; x_wconf 89' lang='lat' dir='ltr'>Per</span> <span class='ocrx_word' id='word_1_154' title='bbox 344 1458 554 1499; x_wconf 79' lang='lat' dir='ltr'>Venerem</span> <span class='ocrx_word' id='word_1_155' title='bbox 584 1458 849 1511; x_wconf 88' lang='lat' dir='ltr'>nimiumque</span> <span class='ocrx_word' id='word_1_156' title='bbox 881 1458 987 1498; x_wconf 85' lang='lat' dir='ltr'>mihi</span> <span class='ocrx_word' id='word_1_157' title='bbox 1018 1458 1220 1499; x_wconf 74' lang='lat' dir='ltr'>facientia</span> <span class='ocrx_word' id='word_1_158' title='bbox 1252 1459 1355 1513; x_wconf 86' lang='lat' dir='ltr'>tela,</span> 
     </span>
     <span class='ocr_line' id='line_1_24' title="bbox 176 1516 1176 1570; baseline 0 -13"><span class='ocrx_word' id='word_1_159' title='bbox 176 1529 210 1552; x_wconf 78' lang='lat'>40</span> <span class='ocrx_word' id='word_1_160' title='bbox 289 1517 437 1558; x_wconf 84' lang='lat' dir='ltr'>Altera</span> <span class='ocrx_word' id='word_1_161' title='bbox 468 1516 555 1557; x_wconf 84' lang='lat' dir='ltr'>tela</span> <span class='ocrx_word' id='word_1_162' title='bbox 587 1531 728 1570; x_wconf 85' lang='lat' dir='ltr'>arcus,</span> <span class='ocrx_word' id='word_1_163' title='bbox 760 1517 894 1557; x_wconf 84' lang='lat' dir='ltr'>altera</span> <span class='ocrx_word' id='word_1_164' title='bbox 925 1516 1011 1557; x_wconf 87' lang='lat' dir='ltr'>tela</span> <span class='ocrx_word' id='word_1_165' title='bbox 1042 1516 1176 1570; x_wconf 85' lang='lat' dir='ltr'>faces,</span> 
     </span>
     <span class='ocr_line' id='line_1_25' title="bbox 229 1574 1423 1630; baseline 0 -14"><span class='ocrx_word' id='word_1_166' title='bbox 229 1575 540 1629; x_wconf 88' lang='lat' dir='ltr'>Iunonemque,</span> <span class='ocrx_word' id='word_1_167' title='bbox 571 1574 677 1615; x_wconf 90' lang='lat' dir='ltr'>toris</span> <span class='ocrx_word' id='word_1_168' title='bbox 711 1588 817 1628; x_wconf 90' lang='lat' dir='ltr'>quae</span> <span class='ocrx_word' id='word_1_169' title='bbox 848 1574 1062 1628; x_wconf 85' lang='lat' dir='ltr'>praesidet</span> <span class='ocrx_word' id='word_1_170' title='bbox 1095 1575 1206 1615; x_wconf 85' lang='lat' dir='ltr'>alma</span> <span class='ocrx_word' id='word_1_171' title='bbox 1238 1575 1423 1630; x_wconf 82' lang='lat' dir='ltr'>maritis,</span> 
     </span>
     <span class='ocr_line' id='line_1_26' title="bbox 289 1632 1230 1687; baseline -0.001 -13"><span class='ocrx_word' id='word_1_172' title='bbox 289 1634 347 1674; x_wconf 85' lang='lat' dir='ltr'>Et</span> <span class='ocrx_word' id='word_1_173' title='bbox 378 1648 452 1687; x_wconf 90' lang='lat' dir='ltr'>per</span> <span class='ocrx_word' id='word_1_174' title='bbox 483 1632 714 1673; x_wconf 86' lang='lat' dir='ltr'>taediferae</span> <span class='ocrx_word' id='word_1_175' title='bbox 747 1633 929 1687; x_wconf 77' lang='lat' dir='ltr'>mystica</span> <span class='ocrx_word' id='word_1_176' title='bbox 962 1647 1081 1674; x_wconf 87' lang='lat' dir='ltr'>sacra</span> <span class='ocrx_word' id='word_1_177' title='bbox 1113 1633 1230 1674; x_wconf 89' lang='lat' dir='ltr'>deae:</span> 
     </span>
     <span class='ocr_line' id='line_1_27' title="bbox 232 1691 1350 1744; baseline 0 -13"><span class='ocrx_word' id='word_1_178' title='bbox 232 1691 277 1732; x_wconf 79' lang='lat' dir='ltr'>Si</span> <span class='ocrx_word' id='word_1_179' title='bbox 310 1692 358 1732; x_wconf 91' lang='lat' dir='ltr'>de</span> <span class='ocrx_word' id='word_1_180' title='bbox 390 1694 457 1732; x_wconf 90' lang='lat' dir='ltr'>tot</span> <span class='ocrx_word' id='word_1_181' title='bbox 487 1691 614 1732; x_wconf 85' lang='lat' dir='ltr'>laesis</span> <span class='ocrx_word' id='word_1_182' title='bbox 648 1705 723 1731; x_wconf 88' lang='lat' dir='ltr'>sua</span> <span class='ocrx_word' id='word_1_183' title='bbox 754 1691 930 1731; x_wconf 89' lang='lat' dir='ltr'>numina</span> <span class='ocrx_word' id='word_1_184' title='bbox 963 1691 1141 1744; x_wconf 88' lang='lat' dir='ltr'>quisque</span> <span class='ocrx_word' id='word_1_185' title='bbox 1174 1692 1350 1732; x_wconf 89' lang='lat' dir='ltr'>deorum</span> 
     </span>
     <span class='ocr_line' id='line_1_28' title="bbox 287 1749 1294 1804; baseline 0 -14"><span class='ocrx_word' id='word_1_186' title='bbox 287 1749 506 1804; x_wconf 81' lang='lat' dir='ltr'>Vindicet,</span> <span class='ocrx_word' id='word_1_187' title='bbox 535 1749 581 1789; x_wconf 88' lang='lat' dir='ltr'>in</span> <span class='ocrx_word' id='word_1_188' title='bbox 611 1763 770 1803; x_wconf 89' lang='lat' dir='ltr'>poenas</span> <span class='ocrx_word' id='word_1_189' title='bbox 802 1763 887 1789; x_wconf 85' lang='lat' dir='ltr'>non</span> <span class='ocrx_word' id='word_1_190' title='bbox 921 1749 1025 1790; x_wconf 88' lang='lat' dir='ltr'>satis</span> <span class='ocrx_word' id='word_1_191' title='bbox 1057 1764 1166 1790; x_wconf 89' lang='lat' dir='ltr'>unus</span> <span class='ocrx_word' id='word_1_192' title='bbox 1200 1750 1294 1791; x_wconf 89' lang='lat' dir='ltr'>eris.</span> 
     </span>
     <span class='ocr_line' id='line_1_29' title="bbox 177 1807 1212 1862; baseline 0 -14"><span class='ocrx_word' id='word_1_193' title='bbox 177 1820 210 1843; x_wconf 78' lang='lat'>45</span> <span class='ocrx_word' id='word_1_194' title='bbox 230 1808 289 1849; x_wconf 85' lang='lat' dir='ltr'>At</span> <span class='ocrx_word' id='word_1_195' title='bbox 320 1808 481 1849; x_wconf 81' lang='lat' dir='ltr'>laceras</span> <span class='ocrx_word' id='word_1_196' title='bbox 514 1807 644 1848; x_wconf 89' lang='lat' dir='ltr'>etiam</span> <span class='ocrx_word' id='word_1_197' title='bbox 675 1822 838 1862; x_wconf 87' lang='lat' dir='ltr'>puppes</span> <span class='ocrx_word' id='word_1_198' title='bbox 870 1807 1034 1848; x_wconf 84' lang='lat' dir='ltr'>furiosa</span> <span class='ocrx_word' id='word_1_199' title='bbox 1064 1808 1212 1862; x_wconf 87' lang='lat' dir='ltr'>refeci,</span> 
     </span>
     <span class='ocr_line' id='line_1_30' title="bbox 288 1865 1237 1921; baseline 0.001 -15"><span class='ocrx_word' id='word_1_200' title='bbox 288 1865 366 1920; x_wconf 88' lang='lat' dir='ltr'>Ut,</span> <span class='ocrx_word' id='word_1_201' title='bbox 398 1881 481 1920; x_wconf 87' lang='lat' dir='ltr'>qua</span> <span class='ocrx_word' id='word_1_202' title='bbox 513 1866 747 1919; x_wconf 86' lang='lat' dir='ltr'>desererer,</span> <span class='ocrx_word' id='word_1_203' title='bbox 777 1866 900 1906; x_wconf 87' lang='lat' dir='ltr'>firma</span> <span class='ocrx_word' id='word_1_204' title='bbox 932 1866 1076 1907; x_wconf 88' lang='lat' dir='ltr'>carina</span> <span class='ocrx_word' id='word_1_205' title='bbox 1106 1866 1237 1921; x_wconf 84' lang='lat' dir='ltr'>foret,</span> 
     </span>
     <span class='ocr_line' id='line_1_31' title="bbox 230 1924 1424 1979; baseline 0.001 -15"><span class='ocrx_word' id='word_1_206' title='bbox 230 1924 559 1978; x_wconf 78' lang='lat' dir='ltr'>Remigiumque</span> <span class='ocrx_word' id='word_1_207' title='bbox 592 1924 704 1978; x_wconf 86' lang='lat' dir='ltr'>dedi,</span> <span class='ocrx_word' id='word_1_208' title='bbox 736 1925 849 1977; x_wconf 90' lang='lat' dir='ltr'>quod</span> <span class='ocrx_word' id='word_1_209' title='bbox 881 1939 946 1965; x_wconf 93' lang='lat' dir='ltr'>me</span> <span class='ocrx_word' id='word_1_210' title='bbox 977 1924 1195 1979; x_wconf 83' lang='lat' dir='ltr'>fugiturus</span> <span class='ocrx_word' id='word_1_211' title='bbox 1226 1925 1424 1965; x_wconf 87' lang='lat' dir='ltr'>haberes:</span> 
     </span>
     <span class='ocr_line' id='line_1_32' title="bbox 289 1982 1212 2036; baseline 0.002 -14"><span class='ocrx_word' id='word_1_212' title='bbox 289 1982 401 2022; x_wconf 76' lang='lat' dir='ltr'>Heu!</span> <span class='ocrx_word' id='word_1_213' title='bbox 434 1982 575 2036; x_wconf 89' lang='lat' dir='ltr'>patior</span> <span class='ocrx_word' id='word_1_214' title='bbox 607 1982 703 2023; x_wconf 87' lang='lat' dir='ltr'>telis</span> <span class='ocrx_word' id='word_1_215' title='bbox 735 1983 911 2024; x_wconf 73' lang='lat' dir='ltr'>vulnera</span> <span class='ocrx_word' id='word_1_216' title='bbox 942 1983 1058 2024; x_wconf 83' lang='lat' dir='ltr'>facta</span> <span class='ocrx_word' id='word_1_217' title='bbox 1090 1983 1212 2024; x_wconf 80' lang='lat' dir='ltr'>meis!</span> 
     </span>
     <span class='ocr_line' id='line_1_33' title="bbox 233 2039 1405 2095; baseline 0.001 -14"><span class='ocrx_word' id='word_1_218' title='bbox 233 2039 497 2081; x_wconf 86' lang='lat' dir='ltr'>Credidimus</span> <span class='ocrx_word' id='word_1_219' title='bbox 528 2041 715 2095; x_wconf 85' lang='lat' dir='ltr'>blandis,</span> <span class='ocrx_word' id='word_1_220' title='bbox 748 2056 929 2095; x_wconf 87' lang='lat' dir='ltr'>quorum</span> <span class='ocrx_word' id='word_1_221' title='bbox 961 2041 1042 2082; x_wconf 88' lang='lat' dir='ltr'>tibi</span> <span class='ocrx_word' id='word_1_222' title='bbox 1075 2041 1215 2095; x_wconf 89' lang='lat' dir='ltr'>copia,</span> <span class='ocrx_word' id='word_1_223' title='bbox 1246 2041 1405 2095; x_wconf 83' lang='lat' dir='ltr'>verbiS,</span> 
     </span>
     <span class='ocr_line' id='line_1_34' title="bbox 180 2096 1232 2154; baseline 0.003 -17"><span class='ocrx_word' id='word_1_224' title='bbox 180 2109 213 2133; x_wconf 80' lang='lat'>50</span> <span class='ocrx_word' id='word_1_225' title='bbox 291 2096 557 2139; x_wconf 88' lang='lat' dir='ltr'>Credidimus</span> <span class='ocrx_word' id='word_1_226' title='bbox 591 2099 735 2154; x_wconf 80' lang='lat' dir='ltr'>generi</span> <span class='ocrx_word' id='word_1_227' title='bbox 766 2099 1096 2153; x_wconf 86' lang='lat' dir='ltr'>nominibusque</span> <span class='ocrx_word' id='word_1_228' title='bbox 1128 2099 1232 2153; x_wconf 89' lang='lat' dir='ltr'>tuis,</span> 
     </span>
     <span class='ocr_line' id='line_1_35' title="bbox 233 2155 1506 2199; baseline 0 -2"><span class='ocrx_word' id='word_1_229' title='bbox 233 2155 498 2197; x_wconf 86' lang='lat' dir='ltr'>Credidimus</span> <span class='ocrx_word' id='word_1_230' title='bbox 531 2156 736 2198; x_wconf 83' lang='lat' dir='ltr'>lacrimis:</span> <span class='ocrx_word' id='word_1_231' title='bbox 769 2172 822 2199; x_wconf 85' lang='lat' dir='ltr'>an</span> <span class='ocrx_word' id='word_1_232' title='bbox 854 2161 897 2198; x_wconf 87' lang='lat' dir='ltr'>et</span> <span class='ocrx_word' id='word_1_233' title='bbox 928 2158 1006 2199; x_wconf 85' lang='lat' dir='ltr'>hae</span> <span class='ocrx_word' id='word_1_234' title='bbox 1041 2158 1240 2199; x_wconf 85' lang='lat' dir='ltr'>simulare</span> <span class='ocrx_word' id='word_1_235' title='bbox 1273 2157 1506 2198; x_wconf 78' lang='lat' dir='ltr'>docentur?</span> 
     </span>
     <span class='ocr_line' id='line_1_36' title="bbox 290 2214 1570 2270; baseline 0.001 -16"><span class='ocrx_word' id='word_1_236' title='bbox 290 2214 382 2254; x_wconf 90' lang='lat' dir='ltr'>Hae</span> <span class='ocrx_word' id='word_1_237' title='bbox 421 2227 588 2268; x_wconf 91' lang='lat' dir='ltr'>quoque</span> <span class='ocrx_word' id='word_1_238' title='bbox 628 2215 788 2256; x_wconf 86' lang='lat' dir='ltr'>habent</span> <span class='ocrx_word' id='word_1_239' title='bbox 822 2219 952 2270; x_wconf 87' lang='lat' dir='ltr'>artes,</span> <span class='ocrx_word' id='word_1_240' title='bbox 988 2230 1153 2270; x_wconf 88' lang='lat' dir='ltr'>quaque</span> <span class='ocrx_word' id='word_1_241' title='bbox 1185 2216 1404 2270; x_wconf 89' lang='lat' dir='ltr'>iubentur,</span> <span class='ocrx_word' id='word_1_242' title='bbox 1441 2215 1570 2256; x_wconf 80' lang='lat' dir='ltr'>eunt‘?</span> 
     </span>
     <span class='ocr_line' id='line_1_37' title="bbox 232 2271 1570 2329; baseline 0.001 -17"><span class='ocrx_word' id='word_1_243' title='bbox 232 2271 309 2313; x_wconf 87' lang='lat' dir='ltr'>Dis</span> <span class='ocrx_word' id='word_1_244' title='bbox 350 2285 516 2325; x_wconf 88' lang='lat' dir='ltr'>quoque</span> <span class='ocrx_word' id='word_1_245' title='bbox 550 2273 814 2314; x_wconf 88' lang='lat' dir='ltr'>credidimus.</span> <span class='ocrx_word' id='word_1_246' title='bbox 849 2289 932 2327; x_wconf 88' lang='lat' dir='ltr'>quo</span> <span class='ocrx_word' id='word_1_247' title='bbox 970 2274 1055 2315; x_wconf 90' lang='lat' dir='ltr'>iam</span> <span class='ocrx_word' id='word_1_248' title='bbox 1094 2277 1160 2315; x_wconf 88' lang='lat' dir='ltr'>tot</span> <span class='ocrx_word' id='word_1_249' title='bbox 1198 2274 1380 2329; x_wconf 87' lang='lat' dir='ltr'>pignora</span> <span class='ocrx_word' id='word_1_250' title='bbox 1416 2273 1570 2314; x_wconf 78' lang='lat' dir='ltr'>nobis?</span> 
     </span>
     <span class='ocr_line' id='line_1_38' title="bbox 290 2329 1199 2386; baseline 0.002 -16"><span class='ocrx_word' id='word_1_251' title='bbox 290 2329 416 2371; x_wconf 85' lang='lat' dir='ltr'>Parte</span> <span class='ocrx_word' id='word_1_252' title='bbox 450 2329 553 2370; x_wconf 83' lang='lat' dir='ltr'>satis</span> <span class='ocrx_word' id='word_1_253' title='bbox 586 2331 707 2384; x_wconf 88' lang='lat' dir='ltr'>potui</span> <span class='ocrx_word' id='word_1_254' title='bbox 741 2332 932 2384; x_wconf 86' lang='lat' dir='ltr'>qualibet</span> <span class='ocrx_word' id='word_1_255' title='bbox 963 2332 1060 2372; x_wconf 87' lang='lat' dir='ltr'>inde</span> <span class='ocrx_word' id='word_1_256' title='bbox 1094 2332 1199 2386; x_wconf 82' lang='lat' dir='ltr'>capi.</span> 
     </span>
    </p>
   </div>
  </div>
 </body>
</html>
