1674 2662
508 167 568 201 VI.
594 167 908 202 HYPSIPYLE
934 179 1078 204 35—108.
1428 170 1483 211 93

202 260 393 315 Longius
427 261 603 303 adsueto
635 262 799 303 lumina
829 266 978 304 nostra
1009 263 1164 304 vident.

144 318 262 359 Adde
293 333 439 372 preces
472 323 611 361 castas
643 321 908 374 inmixtaque
940 324 1041 362 vota
1073 321 1237 376 timori,

201 375 326 418 Nunc
358 391 526 431 quoque
558 381 599 418 te
633 379 750 419 salvo
782 379 1063 433 persoluenda
1094 379 1216 420 mihi!

93 446 124 470 τῦ
146 434 259 475 Vota
291 449 370 490 ego
402 436 672 489 persolvam?
704 437 816 478 votis
849 437 998 479 Medea
1028 437 1210 478 fruetur!

202 491 287 533 Cor
318 493 450 547 dolet,
482 497 609 547 atque
640 494 704 535 ira
736 495 894 536 mixtus
922 496 1109 537 abundat
1141 509 1270 536 amor.

143 550 267 592 Dona
297 551 431 592 feram
463 548 827 607 templisjvivum
859 554 971 607 quod
1003 554 1157 595 Iasona
1186 553 1346 607 perdo‘?

201 609 357 650 Hostia
387 624 464 663 pro
497 610 660 652 damnis
693 611 888 652 concidat
918 612 1005 653 icta
1036 612 1170 653 meis‘?

143 666 243 707 Non
274 668 468 721 equidem
500 683 648 710 secura
679 669 741 709 fui
774 684 1022 723 semperque
1054 670 1248 724 verebar,

90 735 124 759 80
202 724 267 766 Ne
298 729 420 778 pater
447 726 651 781 Argolica
682 731 868 768 sumeret
899 728 1003 768 urbe
1034 743 1199 769 nurum.

142 782 370 837 Argolidas
404 784 545 825 timui:
576 785 723 826 nocuit
754 785 859 826 mihi
891 786 1073 827 barbara
1104 787 1268 840 paelex!

201 840 300 882 Non
332 845 554 895 expectata
586 843 738 883 vulnus
771 844 824 884 ab
856 844 981 884 hoste
1013 844 1104 884 tuli.

142 898 231 940 Nec
263 899 370 940 facie
402 900 649 954 meritisque
680 901 839 954 placet,
871 902 943 942 sed
975 903 1164 943 carmina
1192 903 1313 944 novit

200 957 387 1010 Diraque
420 961 592 999 cantata
622 959 781 1012 pabula
810 959 918 1000 falce
950 960 1091 1000 metit:

89 1025 122 1049 85
142 1015 222 1056 Illa
252 1015 532 1057 reluctantem
564 1031 689 1057 cursu
721 1017 925 1058 deducere
956 1017 1123 1058 Lunam

199 1072 367 1114 Nititur
398 1077 441 1114 et
472 1075 659 1115 tenebris
693 1075 845 1116 abdere
879 1074 990 1116 Solis
1024 1090 1173 1130 equos,

142 1131 222 1172 Illa
252 1131 439 1173 refrenat
471 1147 602 1186 aquas
635 1132 892 1186 obliquaque
924 1134 1101 1175 flumina
1136 1134 1268 1189 sistit3

199 1189 280 1230 Illa
310 1189 405 1231 loco
438 1190 567 1231 silvas
599 1191 776 1244 vivaque
811 1206 912 1232 saxa
943 1196 1103 1247 movet3

142 1247 222 1288 Per
252 1248 441 1288 tumulos
474 1252 587 1289 errat
617 1249 754 1302 passis
787 1250 993 1290 discincta
1024 1251 1188 1304 capillis

89 1315 122 1340 90
201 1304 409 1359 Certaque
442 1306 490 1347 de
522 1306 676 1360 tepidis
710 1307 876 1362 colligit
909 1322 1005 1348 ossa
1035 1309 1163 1363 rogis.

141 1363 333 1404 Devovet
364 1364 553 1405 absentis
586 1365 894 1418 simulacraque
928 1380 1047 1406 cerea
1077 1366 1190 1421 figit,

200 1422 258 1462 Et
289 1422 491 1463 miserum
522 1423 662 1463 tenuis
694 1423 739 1463 in
768 1423 886 1464 iecur
916 1426 1042 1478 urget
1074 1439 1192 1479 acus,

141 1480 199 1520 Et
232 1494 337 1533 quae
368 1480 593 1521 nescierim
624 1481 793 1522 melius:
824 1481 933 1522 male
966 1482 1184 1535 quaeritur
1214 1483 1376 1537 herbis,

199 1537 392 1579 Moribus
425 1542 467 1579 et
497 1539 635 1579 forma
667 1539 954 1580 conciliandus
987 1555 1116 1581 amor.

89 1605 122 1630 95
141 1596 263 1637 Hanc
293 1600 415 1650 potes
449 1597 649 1651 amplecti
680 1597 953 1652 thalamoque
984 1598 1157 1639 relictus
1188 1599 1234 1639 in
1264 1614 1348 1640 uno

199 1654 428 1708 Inpavidus
462 1669 610 1696 somno
642 1659 767 1696 nocte
801 1655 950 1696 silente
982 1656 1095 1696 frui?

143 1711 314 1753 Scilicet
345 1716 393 1753 ut
423 1716 588 1767 tauros,
619 1713 681 1754 ita
712 1717 753 1754 te
786 1715 887 1768 iuga
918 1714 1026 1755 ferre
1059 1715 1201 1769 coegit

200 1770 373 1824 Quaque
405 1771 518 1812 feros
551 1771 721 1826 anguis,
752 1775 794 1812 te
828 1786 994 1825 quoque
1027 1773 1184 1813 mulcet
1217 1787 1306 1826 ope.

140 1828 281 1883 Adde,
313 1829 425 1882 quod
456 1829 639 1870 adscribi
670 1829 795 1870 factis
827 1845 1134 1884 procerumque
1166 1831 1336 1884 tuisque

73 1895 122 1920 100
201 1885 252 1927 Se
284 1886 388 1927 facit
419 1891 461 1928 et
492 1887 620 1928 titulo
653 1888 847 1942 coniugis
879 1903 986 1929 uxor
1018 1889 1151 1929 obest.

139 1944 282 1998 Atque
314 1945 468 1998 aliquis
500 1945 642 1986 Peliae
674 1946 723 1986 de
754 1946 949 1999 partibus
981 1949 1077 1987 acta
1102 1947 1274 1988 venenis

200 2002 375 2056 Inputat
408 2006 449 2043 et
480 2003 704 2057 populum,
736 2004 808 2056 qui
841 2004 922 2044 sibi
954 2004 1118 2058 credat,
1148 2004 1294 2046 habet:

140 2059 256 2100 ‘Non
285 2060 390 2101 haec
423 2061 674 2114 Aesonides,
705 2062 778 2102 sed
809 2061 987 2102 Phasias
1012 2061 1192 2103 Aeetine

198 2118 340 2159 Aurea
371 2118 576 2159 Phrixeae
608 2122 730 2173 terga
761 2119 927 2160 revellit
959 2119 1076 2161 ovis?

72 2187 121 2211 103
140 2174 239 2216 Non
269 2177 424 2229 probat
450 2176 666 2217 Alcimede
698 2180 843 2230 mater¹
865 2180 940 2218 tua
972 2178 1160 2229 (consule
1186 2178 1406 2236 matrem),

199 2233 299 2274 Non
330 2238 467 2287 pater,
499 2250 523 2275 a
555 2235 693 2289 gelido
721 2235 787 2276 cui
817 2235 935 2276 venit
966 2251 1042 2277 axe
1072 2251 1222 2292 nurus;

140 2291 220 2332 Illa
251 2292 332 2332 sibi
364 2291 497 2333 Tanai
531 2291 812 2346 Scythiaeque
843 2294 1069 2347 paludibus
1100 2295 1207 2336 udae

200 2349 384 2398 Quaerat
414 2354 458 2393 et
490 2365 514 2391 a
544 2351 684 2404 patria
716 2351 912 2393 Phasidis
943 2367 1077 2407 usque
1111 2354 1267 2395 virum!
