1674 2662
640 168 700 212 III⁷
727 178 888 204 351—424.
1313 168 1401 210 235

124 263 316 320 Virginis
349 263 548 304 aetheriis
582 277 679 304 cum
711 266 838 317 caput
871 263 989 304 ardet
1021 263 1158 318 equis3

65 321 204 363 Visite
235 322 450 377 laurigero
485 325 650 362 sacrata
682 320 849 362 Palatia
879 321 1053 362 Phoebo

125 380 222 435 (Ille
252 379 552 421 Paraetonicas
584 379 732 420 mersit
762 379 807 420 in
839 379 926 420 alta
956 378 1089 434 rates)

66 437 263 492 Quaeque
303 452 423 479 soror
455 437 719 491 coniunxque
751 437 869 478 ducis
901 437 1166 479 monimenta
1197 441 1402 492 pararunt

124 496 362 550 Navalique
395 510 522 550 gener
554 496 717 545 cinctus
748 495 909 537 honore
941 499 1086 550 caput3

65 553 203 595 Visite
235 554 485 596 turicremas
517 568 668 595 vaccae
701 553 1003 607 Memphitidos
1036 568 1148 609 aras,

124 611 263 654 Visite
296 612 534 666 conspicuis
567 615 687 653 terna
718 611 887 652 theatra
918 612 1039 652 locis!

15 682 48 707 95
69 669 322 725 Spectentur
353 670 496 724 tepido
528 670 768 711 maculosae
801 670 1006 724 sanguine
1037 669 1238 724 harenae7

124 728 322 782 Metaque
354 728 533 769 ferventi
566 727 818 769 circueunda
848 729 959 768 rota!

69 786 191 835 Quod
222 786 346 840 latet,
375 786 632 841 ignotumst:
663 786 802 840 ignoti
833 785 950 826 nulla
982 786 1152 840 cupido3

126 844 308 886 Fructus
342 840 640 898 abest,‘facies
674 859 769 885 cum
801 844 913 884 bona
945 847 1053 885 teste
1086 846 1216 885 caret:

66 901 130 943 Tu
162 902 261 944 licet
293 905 335 943 et
365 901 622 956 Thamyram
655 916 826 956 superes
859 905 900 943 et
931 901 1148 943 Amoebea
1180 905 1326 955 cantu,

14 974 48 997 υυ
126 959 226 1001 Non
257 959 337 1000 erit
367 960 539 1014 ignotae
573 959 712 1014 gratia
742 974 898 1014 magna
928 960 1062 1014 lyrae3

70 1017 113 1059 Si
147 1017 356 1058 Venerem
389 1016 500 1058 Cous
531 1031 742 1071 nusquam
772 1017 987 1071 posuisset
1018 1017 1210 1072 Apelles,

125 1075 265 1116 Mersa
297 1075 374 1116 sub
408 1075 627 1129 aequoreis
658 1075 734 1116 illa
763 1075 916 1116 lateret
949 1075 1081 1129 aquis.

68 1133 180 1182 Quid
210 1133 372 1187 petitur
402 1133 551 1187 sacris,
581 1133 664 1175 nisi
695 1136 865 1174 tantum
895 1133 1027 1187 fama,
1058 1133 1226 1188 poetis?

125 1191 219 1232 Hoc
250 1194 399 1232 votum
429 1191 565 1232 nostri
598 1206 762 1232 summa
792 1191 951 1232 laboris
983 1191 1124 1233 habet.

32 1262 47 1286 5
69 1247 179 1290 Cura
211 1249 336 1290 deum
366 1249 538 1290 fuerunt
569 1249 671 1289 olim
702 1263 933 1303 regumque
964 1253 1134 1304 poetae,

125 1306 401 1360 Praemiaque
434 1306 598 1360 antiqui
629 1321 785 1361 magna
816 1307 950 1347 tulere
983 1307 1118 1361 chori,

69 1364 307 1420 Sanctaque
340 1364 540 1406 maiestas
573 1367 615 1405 et
647 1368 737 1405 erat
768 1364 1007 1405 venerabile
1037 1379 1194 1406 nomen

126 1423 328 1476 Vatibus,
360 1426 401 1464 et
432 1423 575 1477 largae
608 1437 731 1476 saepe
764 1422 974 1463 dabantur
1006 1436 1123 1476 opes:

69 1481 232 1522 Ennius
266 1481 444 1521 emeruit
476 1478 668 1521 Calabris
699 1480 745 1520 in
775 1480 993 1522 montibus
1027 1484 1145 1522 ortus

20 1550 50 1574 ιο
128 1537 365 1594 Contiguus
397 1538 516 1592 poni,
550 1537 692 1592 Scipio
724 1552 896 1593 magne,
925 1538 1023 1592 tibi3

70 1596 194 1638 Nunc
226 1597 404 1638 hederae
437 1597 526 1637 sine
557 1596 718 1637 honore
749 1596 906 1650 iacent,
939 1599 1194 1651 operataque
1227 1597 1362 1639 doctis

127 1654 238 1696 Cura
269 1655 373 1710 vigil
404 1653 537 1696 Musis
569 1668 725 1695 nomen
755 1654 904 1695 inertis
936 1654 1076 1695 habet.

70 1711 151 1754 Sed
182 1712 320 1753 famae
351 1712 528 1768 vigilare
558 1712 694 1753 iuvat:
727 1712 821 1766 quis
852 1715 1000 1753 nosset
1029 1712 1285 1766 Homerum,

127 1770 229 1811 Ilias
261 1773 480 1811 aeternum
512 1770 548 1811 si
578 1770 775 1811 latuisset
807 1770 943 1824 opus‘?

19 1839 49 1865 15
71 1828 174 1877 Quis
206 1828 383 1869 Danaen
412 1831 576 1882 nosset,
607 1828 643 1869 si
676 1842 840 1882 semper
872 1828 988 1869 clusa
1018 1828 1171 1870 fuisset

126 1886 259 1940 Inque
291 1901 367 1927 sua
398 1886 506 1927 turri
537 1885 810 1940 perlatuisset
841 1886 975 1927 anus?

68 1943 198 1986 Utilis
231 1947 295 1985 est
327 1944 467 1998 vobis,
497 1943 727 1998 formosae,
758 1943 900 1998 turba,
931 1943 1114 1999 puellae3

129 2000 262 2056 Saepe
294 2016 425 2057 vagos
457 2002 570 2042 ultra
600 2001 749 2042 limina
779 2001 887 2042 ferte
917 2002 1060 2055 pedes!

69 2060 137 2101 Ad
169 2060 325 2101 multas
356 2060 458 2114 lupa
488 2059 625 2101 tendit
657 2073 774 2113 oves,
804 2060 1028 2113 praedetur
1059 2063 1107 2101 ut
1137 2074 1284 2115 unam,

17 2128 49 2154 20
126 2118 185 2159 Et
216 2117 330 2158 Iovis
360 2118 406 2158 in
437 2117 592 2158 multas
625 2117 793 2158 devolat
825 2117 911 2158 ales
943 2132 1051 2159 aves.

71 2174 123 2217 Se
156 2189 321 2230 quoque
354 2176 424 2216 det
455 2175 613 2229 populo
645 2175 797 2216 mulier
827 2176 1019 2229 speciosa
1050 2175 1288 2218 videndam:

129 2233 264 2282 Quem
295 2233 455 2288 trahat,
486 2248 507 2274 e
539 2233 685 2274 multis
716 2233 898 2274 forsitan
928 2247 1036 2275 unus
1069 2234 1160 2276 erit.

70 2290 276 2332 Omnibus
307 2291 381 2332 illa
412 2291 516 2332 locis
549 2294 717 2332 maneat
749 2291 939 2332 studiosa
969 2291 1162 2345 placendi

127 2349 185 2390 Et
216 2363 360 2390 curam
391 2352 483 2390 tota
514 2352 654 2390 mente
686 2349 847 2390 decoris
880 2350 996 2404 agat!
