1690 2656
235 136 317 174 114
802 135 1093 169 HEROIDES.

232 229 320 271 Nec
355 231 492 271 somni
526 231 671 270 faciles
705 234 746 270 et
778 244 861 270 nox
895 233 986 270 erat
1018 244 1158 270 annua
1188 230 1331 284 nobis,

179 302 212 323 2⁵0
290 289 348 329 Et
381 289 589 343 gemitum
620 288 738 328 nullo
771 289 886 328 laesa
917 288 1061 328 dolore
1094 288 1264 334 dabam:

234 346 334 395 Nec,
368 362 440 387 cur
472 347 575 387 haec
608 348 804 400 facerem,
834 349 1029 400 poteram
1061 346 1165 387 mihi
1198 347 1368 386 reddere
1402 361 1572 387 causam

291 404 379 445 Nee
412 420 581 458 noram,
613 405 713 458 quid
747 419 892 445 amans
926 408 1055 458 esset,
1088 408 1131 445 at
1163 404 1267 444 illud
1300 419 1425 445 eram.

231 462 375 503 Prima
407 463 567 504 malum
598 464 742 504 nutrix
775 463 916 504 animo
949 463 1186 517 praesensit
1219 463 1340 517 anili,

292 521 435 561 l'rima
467 521 572 561 1111111
604 522 747 562 nutrix
781 521 953 575 ‘Aeoli,’
986 521 1092 561 dixit
1125 521 1284 561 ‘arnas'

180 592 212 614 κς»
233 579 417 633 Erubui,
450 580 696 633 gremioque
728 580 865 634 pudor
897 579 1049 620 deiecit
1082 580 1256 620 ocellos:

291 637 408 678 Haec
441 637 546 678 satis
578 638 623 678 in
655 638 787 679 tacita
820 638 943 693 signa
974 637 1149 678 fatentis
1183 641 1314 678 erant.

233 695 409 749 Iamque
443 697 739 738 tumescebant
770 696 911 737 vitiati
943 696 1130 750 pondera
1162 696 1340 749 ventris,

290 754 518 809 Aegraque
549 755 755 796 furtivum
788 755 980 796 membra
1011 754 1218 809 gravabat
1251 769 1376 795 onus:

234 812 346 860 Quas
386 812 490 853 mihi
528 828 614 853 non
648 813 822 868 herbas,
860 828 966 867 quae
998 827 1085 853 non
1116 812 1397 854 medicamina
1427 813 1572 853 nutrix

178 883 212 905 40
291 870 454 911 Attulit
487 872 635 912 audaci
668 872 976 926 supposuitque
1009 885 1157 925 manu,

234 928 292 969 Ut
324 929 494 982 penitus
526 930 686 971 nostris
720 930 821 981 (hoc
854 934 895 971 te
929 929 1158 970 celavimus
1190 927 1341 984 unum)

290 987 538 1028 Visceribus
572 1003 764 1030 crescens
797 991 1067 1029 excuteretur
1099 989 1222 1028 onus!

232 1046 287 1086 A!
320 1046 500 1086 nimium
533 1046 657 1087 vivax
690 1047 872 1087 admotis
904 1046 1064 1087 restitit
1095 1046 1236 1086 infans

291 1104 471 1144 Artibus
505 1108 547 1145 et
580 1108 695 1146 tecto
728 1108 847 1146 tutus
880 1105 932 1145 ab
965 1105 1088 1145 hoste
1120 1104 1213 1144 fuit.

179 1174 212 1198 45
231 1162 323 1203 Iam
354 1163 531 1203 noviens
564 1166 655 1203 erat
688 1167 780 1204 orta
814 1177 934 1203 soror
966 1162 1251 1216 pulcherrima
1282 1162 1465 1218 Phoebi,

290 1220 501 1275 Nonaque
533 1221 732 1262 luciferos
764 1221 887 1261 Luna
919 1221 1119 1261 movebat
1151 1234 1299 1274 equos:

232 1279 406 1333 Nescia,
438 1294 544 1333 quae
576 1280 736 1320 faceret
768 1280 934 1320 subitos
967 1278 1071 1319 mihi
1105 1293 1232 1320 causa
1264 1279 1450 1335 dolores,

290 1337 348 1378 Et
379 1338 495 1378 rudis
529 1338 580 1378 ad
611 1341 760 1391 partus
793 1341 835 1378 et
866 1352 976 1378 nova
1008 1337 1129 1378 miles
1162 1352 1296 1391 eram,

231 1395 322 1437 Nec
354 1396 473 1436 tenui
505 1410 670 1451 vocem,
703 1395 833 1450 ‘quid’
867 1396 928 1437 ait
960 1395 1049 1442 etua
1081 1395 1259 1436 crimina
1289 1396 1479 1450 prodis‘?’

179 1466 212 1489 50
291 1453 458 1507 Oraque
491 1454 714 1495 clamantis
747 1454 917 1495 conscia
949 1454 1106 1508 pressit
1137 1468 1253 1494 anus.

233 1512 341 1561 Quid
374 1512 529 1553 faciam
560 1512 737 1553 infelix?
771 1513 954 1567 gemitus
988 1512 1108 1552 dolor
1140 1512 1260 1552 edere
1293 1513 1428 1567 cogit,

291 1570 373 1611 Sed
404 1571 535 1611 timor
567 1574 609 1612 et
640 1571 784 1612 nutrix
816 1574 858 1611 et
889 1571 1025 1624 pudor
1056 1571 1146 1624 ipse
1178 1574 1335 1610 vetant.

231 1627 440 1670 Contineo
475 1629 660 1684 gemitus
693 1629 918 1683 elapsaque
951 1629 1080 1669 verba
1111 1629 1316 1682 reprendo

288 1687 347 1728 Et
379 1701 511 1742 cogor
542 1687 739 1729 lacrimas
773 1687 998 1728 conbibere
1030 1687 1124 1740 ipsa
1156 1701 1282 1727 111033.

230 1745 347 1786 Mors
380 1749 470 1786 erat
502 1749 599 1786 ante
633 1746 796 1799 oculos,
828 1749 870 1786 et
903 1760 1026 1800 opem
1058 1745 1220 1786 Lucina
1250 1745 1455 1800 negabat,

289 1803 366 1859 (Et
399 1818 545 1859 grave,
576 1804 611 1844 si
643 1818 847 1858 morerer,
878 1818 992 1845 mors
1025 1818 1192 1857 quoque
1225 1803 1385 1844 crimen
1417 1802 1542 1859 eratl)

232 1860 337 1902 Cum
371 1877 497 1916 super
528 1862 777 1903 incumbens
810 1863 943 1903 scissa
974 1862 1202 1915 tunicaque
1236 1876 1440 1915 comaque

290 1921 442 1961 Pressa
473 1920 667 1961 refovisti
699 1923 873 1974 pectora
904 1924 1051 1961 nostra
1082 1920 1167 1960 tuis

232 1978 289 2018 Et
321 1979 426 2019 mihi
460 1979 585 2033 evive,
618 1993 755 2033 soror,
788 1993 908 2019 soror
941 1993 964 2019 o
997 1978 1249 2031 carissiina,'
1283 1978 1381 2019 aisti

179 2049 212 2072 (το
291 2035 411 2077 tVive
443 2051 521 2078 nec
553 2037 678 2077 unius
712 2051 886 2091 corpore
918 2037 1044 2091 perde
1077 2037 1198 2076 duos!

233 2093 337 2148 Spes
371 2095 483 2135 bona
515 2096 585 2136 det
616 2096 743 2136 vires:
777 2110 978 2150 germano
1010 2098 1144 2148 nupta
1175 2094 1319 2135 futura
1351 2109 1413 2149 es,

289 2152 430 2206 Illius,
462 2153 510 2193 de
544 2168 626 2206 quo
659 2157 813 2207 mater,
844 2157 886 2194 et
917 2168 1022 2194 uxor
1054 2152 1164 2193 eris’

231 2210 420 2261 Mortua,
452 2212 573 2251 crede
606 2212 729 2265 mihi,
760 2215 903 2252 tamen
935 2212 987 2252 ad
1018 2215 1091 2251 tua
1123 2212 1251 2251 verba
1282 2211 1432 2251 revixi:

291 2269 349 2309 Et
380 2268 612 2322 positumst
644 2270 753 2309 uteri
787 2270 945 2311 crimen
978 2284 1166 2322 onusque
1199 2269 1292 2310 mei.

180 2340 212 2363 65·
235 2327 345 2376 Quid
378 2327 457 2367 tibi
491 2327 702 2381 grat-aris?
735 2329 873 2369 media
905 2329 1021 2368 sedet
1052 2328 1211 2368 Aeolus
1245 2327 1356 2367 aula:
