1690 2656
300 158 388 199 212
757 159 859 193 ARS
885 157 1190 193 AMATORIA.

298 253 359 296 At
392 255 504 308 quod
536 254 618 295 eris
650 268 725 308 per
756 256 798 294 te
830 253 1022 295 facturus
1054 257 1097 295 et
1128 254 1233 295 utile
1266 254 1419 310 credis,

358 312 408 353 Id
439 316 515 353 tua
545 316 587 353 te
619 312 750 353 facito
785 326 951 366 semper
983 312 1119 354 amica
1150 315 1289 368 roget!

298 371 496 412 Libertas
531 370 657 412 alicui
689 370 819 411 fuerit
849 371 1061 425 promissa
1092 374 1282 413 tuorum:

230 440 282 466 290
359 429 482 470 Hanc
514 432 658 470 tamen
690 444 714 470 a
745 429 918 470 domina
948 429 1015 471 fac
1046 433 1167 484 petat
1196 430 1268 470 ille
1300 433 1392 485 tua3

302 486 347 529 Si
379 502 561 542 poenam
593 502 733 542 servo,
766 488 801 528 si
833 488 1003 529 vincula
1035 503 1160 529 saeva
1191 488 1395 544 remittis,

360 545 482 594 Quod
512 546 703 587 facturus
737 560 848 600 eras,
879 547 1032 588 debeat
1062 547 1136 587 illa
1168 548 1265 588 tibi!

300 603 478 646 Utilitas
510 608 586 645 tua
617 604 691 659 sit,
721 604 874 645 titulus
907 605 1088 646 donetur
1119 605 1297 660 amicae3

359 663 493 704 Perde
524 663 649 717 nihil,
680 663 815 717 partis
847 663 922 703 illa
952 664 1143 717 potentis
1177 665 1295 719 agat!

230 733 281 758 295
303 720 386 762 Sed
416 724 479 775 te,
512 721 805 775 cuicumquest
836 721 1081 763 retinendae
1114 737 1214 763 cura
1244 722 1429 777 puellae,

359 780 608 821 Attonitum
639 780 778 820 forma
807 780 875 821 fac
906 783 1029 834 putet
1062 795 1152 821 esse
1186 796 1277 821 sua:

302 837 399 879 Sive
432 838 513 879 erit
543 838 589 878 in
619 838 777 892 Tyriis,
807 838 959 893 Tyrios
990 839 1184 880 laudabis
1218 839 1417 894 amictus3

361 896 458 938 Sive
490 897 571 937 erit
601 897 648 937 in
679 896 798 951 Cois,
829 897 918 938 Coa
950 897 1096 938 decere
1128 899 1248 951 puta!

300 955 524 996 Auratast:
557 955 652 1009 ipso
684 955 766 995 tibi
800 955 856 995 sit
886 956 1116 1009 pretiosior
1148 970 1269 1010 auro3

230 1020 281 1045 300
361 1013 560 1067 Gausapa
591 1013 627 1054 si
661 1014 808 1067 sumit,
841 1027 1030 1068 gausapa
1063 1017 1234 1067 sumpta
1264 1014 1416 1067 proba3

299 1071 530 1113 Adstiterit
562 1071 772 1113 tunicata:
805 1071 964 1112 ‘moves
995 1072 1204 1113 incendia'
1239 1072 1394 1127 clama,

360 1129 443 1171 Sed
475 1130 645 1183 timida,
677 1133 824 1171 caveat
855 1130 1035 1184 frigora,
1067 1145 1170 1171 voce
1202 1132 1324 1185 roga!

301 1187 583 1243 Conpositum
615 1188 844 1229 discrimen
874 1188 971 1228 erit:
1004 1188 1250 1229 discrimina
1282 1188 1424 1243 lauda3

358 1247 550 1288 Torserit
580 1247 679 1301 igne
712 1261 895 1288 comam:
928 1249 1040 1287 torte
1074 1247 1243 1301 capille,
1272 1246 1409 1301 place!

230 1312 280 1337 305
300 1305 509 1347 Bracchia
541 1305 757 1359 saltantis,
788 1319 936 1346 vocem
968 1305 1122 1346 mirare
1155 1305 1366 1360 canentis,

359 1364 435 1418 Et,
466 1364 580 1417 quod
611 1363 802 1417 desierit,
833 1364 962 1404 verba
994 1363 1209 1417 querentis
1242 1364 1370 1419 habe3

299 1422 422 1477 Ipsos
456 1422 727 1476 concubitus,
758 1422 900 1475 ipsum
932 1436 1129 1463 venerere
1161 1422 1327 1476 licebit,

359 1480 481 1529 Quod
510 1480 630 1521 iuvat
662 1480 747 1533 et†
779 1480 985 1533 quaedam
1018 1480 1173 1535 gaudia
1202 1480 1341 1522 noctis
1372 1480 1500 1521 habe:

299 1538 360 1580 Ut
392 1539 521 1579 fuerit
552 1541 674 1579 torva
706 1538 934 1579 violentior
964 1539 1038 1579 illa
1070 1538 1264 1594 Medusa,

229 1606 281 1630 310
358 1597 456 1644 Fiet
487 1597 671 1638 amatori
702 1597 810 1638 lenis
842 1600 885 1638 et
918 1612 1051 1651 aequa
1083 1611 1171 1637 suo.

299 1656 505 1710 Tantum,
535 1670 587 1695 ne
619 1659 767 1709 pateas
798 1655 939 1696 verbis
973 1655 1197 1695 simulator
1227 1655 1272 1695 in
1296 1654 1400 1709 illis,

358 1714 494 1755 Effice
524 1728 603 1754 nec
634 1713 756 1754 vultu
788 1714 955 1754 destrue
989 1714 1102 1754 dicta
1134 1717 1226 1754 tuo:

301 1771 346 1813 Si
376 1773 484 1813 latet
516 1786 602 1825 ars,
633 1772 825 1826 prodest3
858 1772 995 1812 adfert
1028 1772 1234 1826 deprensa
1264 1771 1491 1825 pudorem.

359 1830 503 1884 Atque
536 1830 687 1871 adimit
718 1830 871 1870 merito
904 1833 1071 1883 tempus
1104 1830 1149 1870 in
1182 1844 1305 1870 omne
1336 1830 1473 1870 fidem.

230 1898 280 1924 315
303 1888 437 1943 Saepe
470 1889 547 1929 sub
582 1891 851 1943 autumnum,
883 1903 978 1929 cum
1009 1888 1347 1929 formosissimus
1379 1902 1513 1929 annus

359 1946 574 2000 Plenaque
605 1961 819 2000 purpureo
852 1947 1058 1987 subrubet
1089 1962 1171 1987 uva
1202 1960 1336 1999 mero,

302 2003 410 2046 Cum
448 2006 574 2046 modo
606 2005 840 2059 frigoribus
872 2005 1096 2059 premitur,
1134 2005 1259 2045 modo
1292 2003 1472 2045 solvitur
1504 2007 1642 2058 aestu,

360 2064 470 2104 Aere
502 2078 590 2103 non
621 2067 737 2104 certo
771 2078 949 2117 corpora
982 2064 1165 2117 languor
1195 2063 1342 2103 habet:

301 2121 382 2162 Illa
414 2122 585 2174 quidem
616 2122 773 2176 valeat,
806 2122 877 2162 sed
911 2122 946 2162 si
978 2122 1087 2162 male
1118 2122 1242 2162 firma
1273 2120 1448 2162 cubabit

231 2192 282 2216 320
360 2179 419 2219 Et
449 2179 602 2220 vitium
634 2180 739 2221 caeli
772 2180 952 2221 senserit
985 2194 1113 2235 aegra
1145 2179 1227 2233 sui,

301 2237 420 2278 Tunc
453 2251 572 2277 amor
603 2241 645 2278 et
675 2238 813 2292 pietas
845 2241 920 2279 tua
951 2238 1007 2279 sit
1039 2238 1268 2278 manifesta
1297 2237 1479 2291 puellae:

361 2296 469 2335 Tum
502 2310 610 2349 sere,
643 2297 755 2349 quod
785 2297 911 2350 plena
942 2296 1169 2350 postmodo
1200 2296 1308 2337 falce
1340 2296 1493 2336 metas!

302 2353 392 2395 Nec
424 2354 505 2394 tibi
538 2353 697 2394 morosi
729 2355 903 2395 veniant
934 2355 1108 2395 fastidia
1140 2354 1298 2408 morbi,
