1690 2656
275 180 358 222 228
720 179 824 214 ARS
850 177 1155 212 AMATORIA.

271 275 362 317 Vos
397 290 564 330 quoque
595 288 681 314 non
714 273 822 314 caris
855 287 977 314 aures
1010 276 1182 314 onerate
1214 272 1393 328 lapillis,

204 346 255 372 130
333 334 449 383 Quos
482 333 588 388 legit
619 332 666 372 in
695 331 821 373 viridi
854 331 1023 373 decolor
1055 331 1185 372 Indus
1218 345 1346 386 aqua,

273 392 363 434 Nec
395 392 562 447 prodite
596 405 747 446 graves
778 390 923 431 insuto
954 390 1146 431 vestibus
1179 391 1300 431 auro!

331 451 414 491 Per
446 465 549 503 quas
581 463 660 490 nos
692 449 860 503 petitis,
892 463 1016 503 saepe
1047 448 1228 504 fugatis,
1261 462 1375 502 opes.

273 508 499 551 Munditiis
533 507 741 562 capimur:
772 521 860 548 non
891 507 977 548 sint
1010 506 1100 548 sine
1131 507 1225 562 lege
1257 506 1419 561 capilli3

333 568 545 608 Admotae
575 567 759 607 formam
792 566 977 620 dantque
1008 569 1251 621 negantque
1283 579 1445 606 manus.

204 637 254 663 135
273 625 364 667 Nec
398 640 530 681 genus
564 628 740 666 ornatus
773 627 965 665 unumst:
998 624 1112 678 quod
1144 637 1354 678 quamque
1387 623 1565 678 decebit,

333 684 490 739 Elegat
522 686 565 725 et
597 683 816 738 speculum
848 683 1044 724 consulat
1075 685 1173 723 ante
1205 683 1345 723 suum!

272 743 424 798 Longa
454 743 610 797 probat
640 741 770 782 facies
803 741 956 795 capitis
990 740 1236 782 discrimina
1266 740 1379 795 puri:

334 800 404 843 Sic
436 803 527 842 erat
559 800 720 841 ornatis
752 799 988 840 Laudamia
1019 799 1170 853 comis3

273 859 492 915 Exiguum
524 873 689 900 summa
719 859 879 899 nodum
912 858 994 899 sibi
1024 858 1166 898 fronte
1197 857 1398 912 relinqui,

205 930 256 955 140
333 917 394 959 Ut
424 921 601 972 pateant
634 932 776 972 aures,
808 932 882 958 ora
912 917 1097 958 rotunda
1128 916 1295 970 volunt,

274 975 466 1018 Alterius
500 976 636 1018 crines
667 990 815 1017 umero
847 975 1062 1016 iactentur
1091 977 1292 1028 utroque:

333 1035 449 1076 Talis
483 1049 526 1076 es
560 1034 804 1088 adsumpta,
834 1032 1006 1074 Phoebe
1039 1047 1211 1087 canore,
1243 1033 1350 1088 lyra,

275 1093 425 1134 Altera
457 1092 696 1134 succinctae
729 1092 936 1147 religetur
967 1105 1084 1132 more
1116 1091 1299 1144 Dianae,

334 1151 395 1193 Ut
426 1152 553 1206 solet,
585 1150 791 1192 attonitas
825 1165 922 1191 cum
953 1150 1062 1204 petit
1093 1149 1169 1190 illa
1200 1150 1324 1190 feras.

205 1221 256 1247 145
274 1211 388 1252 Huic
420 1211 540 1251 decet
570 1209 742 1250 inflatos
775 1209 868 1249 laxe
899 1208 1082 1249 iacuisse
1115 1207 1312 1262 capillos,

333 1269 416 1309 Illa
448 1268 505 1309 sit
537 1267 754 1308 adstrictis
786 1266 1039 1321 inpedienda
1071 1266 1222 1321 comis,

274 1327 397 1368 Hanc
429 1327 570 1381 placet
603 1326 745 1366 ornari
776 1325 990 1366 testudine
1023 1324 1243 1380 Cyllenea,

336 1385 556 1427 Sustineat
589 1384 749 1425 similes
780 1384 983 1425 fluctibus
1014 1383 1090 1424 illa
1122 1383 1251 1424 sinus.

276 1443 359 1486 Sed
389 1458 526 1497 neque
558 1457 729 1484 ramosa
759 1442 1005 1483 numerabis
1036 1442 1083 1482 in
1112 1441 1209 1483 ilice
1243 1441 1436 1497 glandes,

206 1513 257 1538 150
334 1502 425 1544 Nec
457 1504 562 1556 quot
594 1516 693 1555 apes
725 1501 911 1555 Hyblae,
941 1515 1017 1541 1100
1051 1503 1157 1554 quot
1187 1500 1233 1541 in
1262 1500 1372 1554 Alpe
1403 1499 1533 1553 ferae,

275 1561 366 1603 Nec
398 1560 505 1601 mihi
537 1563 604 1600 tot
635 1559 802 1613 positus
833 1573 1010 1600 numero
1044 1559 1329 1613 conprendere
1363 1558 1426 1599 fas
1459 1561 1540 1600 est:

333 1619 480 1660 Adicit
512 1621 688 1659 ornatus
720 1618 915 1672 proxima
946 1631 1136 1671 quaeque
1169 1617 1269 1657 dies.

274 1678 334 1720 Et
364 1677 555 1718 neclecta
587 1677 706 1717 decet
737 1676 895 1717 multas
928 1689 1065 1717 coma:
1098 1689 1241 1729 saepe,
1272 1675 1407 1716 iacere

334 1736 593 1776 Hesternam
625 1735 788 1789 credas,
818 1734 894 1775 illa
924 1748 1079 1788 repexa
1110 1734 1290 1775 modost.

207 1805 257 1830 155
277 1795 359 1836 Ars
393 1809 494 1835 casu
527 1792 696 1834 similis:
731 1792 790 1834 sic
823 1795 949 1846 capta
979 1792 1086 1833 vidit
1118 1795 1166 1833 ut
1197 1793 1301 1833 urbe

334 1852 506 1894 Alcides
537 1851 676 1906 Iolen,
707 1851 831 1892 ‘hanc
863 1849 960 1905 ego'
993 1850 1100 1892 dixit
1132 1850 1280 1906 ‘amo’3

276 1911 423 1952 Talem
454 1913 497 1951 te
528 1910 742 1964 Bacchus,
774 1908 938 1963 Satyris
971 1909 1255 1950 clamantibus
1289 1908 1472 1951 ‘euhoet'

337 1968 522 2010 Sustulit
551 1968 597 2008 in
629 1983 795 2023 currus,
828 1967 961 2008 Gnosi
993 1968 1160 2022 relicta,
1192 1981 1303 2009 suos.

278 2027 312 2068 O
346 2030 554 2080 quantum
584 2026 780 2081 indulget
810 2030 952 2067 vestro
984 2029 1138 2067 natura
1170 2026 1329 2080 decori,

208 2096 259 2121 100
339 2086 528 2133 Quarum
561 2088 660 2126 sunt
691 2085 838 2126 multis
872 2086 1026 2126 damna
1056 2085 1211 2139 pianda
1243 2085 1398 2126 modis!

277 2142 368 2184 Nos
401 2144 510 2183 male
544 2143 800 2198 detegimur,
831 2144 1026 2198 raptique
1060 2146 1199 2184 aetate
1231 2143 1374 2198 capilli

336 2200 397 2242 Ut
427 2201 564 2242 Borea
595 2202 767 2243 frondes
800 2202 1039 2243 excutiente
1072 2202 1246 2256 cadunt,

277 2259 456 2301 Femina
488 2259 687 2301 canitiem
721 2259 944 2301 Germanis
975 2260 1112 2301 inficit
1143 2260 1306 2313 herbis,

337 2318 395 2359 Et
426 2318 576 2358 melior
608 2333 706 2359 vero
741 2319 959 2372 quaeritur
990 2322 1080 2360 arte
1114 2319 1248 2373 color3

211 2388 258 2413 165
277 2376 454 2417 Femina
483 2376 675 2430 procedit
707 2376 958 2417 densissima
990 2377 1178 2418 crinibus
1211 2376 1364 2431 emptis
