1690 2656
278 133 361 174 184
730 131 832 166 ARs
859 131 1161 168 AMATORIA.

335 226 530 268 Servanti
562 227 743 281 pecudes
776 226 978 281 vallibus,
1009 226 1162 281 Ascra,
1193 227 1300 282 tuis,

275 285 390 327 Usus
425 300 530 339 opus
564 288 708 326 movet
738 284 837 326 hoc:
869 285 958 326 vati
989 288 1136 339 parete
1168 285 1324 339 perito!

222 355 256 380 30
334 344 449 385 Vera
481 358 648 383 canam:
681 343 861 397 coeptis,
892 345 1029 384 mater
1061 343 1252 397 Amoris,
1284 344 1399 385 ades!

276 403 380 444 Este
413 401 580 456 procul,
612 401 743 442 vittae
776 404 944 455 tenues,
975 401 1143 456 insigne
1176 401 1369 456 pudoris,

336 460 535 513 Quaeque
568 459 679 515 tegis
712 459 873 500 medios
906 459 1057 500 instita
1088 460 1218 514 longa
1248 460 1392 514 pedes!

276 518 368 559 Nos
401 517 612 559 Venerem
643 520 781 558 tutam
815 532 1099 571 concessaque
1131 518 1246 558 furta
1278 532 1496 573 canemus,

336 576 470 629 Inque
502 590 597 617 meo
629 576 795 616 nullum
828 576 1013 617 carmine
1047 576 1206 617 crimen
1238 576 1330 617 erit.

225 646 258 671 35
278 634 514 688 Principio,
548 635 660 688 quod
692 649 833 675 amare
866 634 989 688 velis,
1020 634 1203 688 reperire
1235 634 1403 689 labora,

338 692 419 741 Qui
450 707 562 733 nova
592 707 705 733 nunc
735 692 922 746 primum
954 692 1076 733 miles
1108 692 1153 732 in
1185 707 1303 734 arma
1335 692 1469 733 venis!

277 751 504 792 Proximus
536 751 635 792 huic
666 751 789 791 labor
821 753 885 791 est
917 751 1122 804 placitam
1154 765 1326 792 exorare
1359 751 1563 806 puellam3

338 809 526 864 Tertius,
557 812 606 850 ut
637 808 767 864 longo
800 811 992 863 tempore
1025 809 1148 850 duret
1180 823 1310 850 amor.

277 868 360 909 Hic
393 868 560 908 modus:
592 867 697 908 haec
728 870 877 908 nostro
911 867 1154 922 signabitur
1186 882 1284 908 area
1316 881 1461 922 curru,

224 938 258 962 40
336 925 454 967 Haec
487 926 568 966 erit
600 925 785 967 admissa
816 928 931 966 meta
961 925 1191 979 premenda
1222 928 1328 966 rota.

278 984 394 1025 Dum
424 984 542 1038 licet,
575 987 617 1024 et
648 984 751 1024 loris
782 984 943 1037 passim
975 987 1097 1037 potes
1130 984 1190 1024 ire
1224 983 1397 1039 solutis,

337 1042 481 1097 Elige,
514 1042 581 1083 cui
613 1042 728 1083 dicas
761 1041 824 1082 ‘tu
856 1042 962 1082 mihi
995 1042 1086 1083 sola
1117 1041 1288 1096 places.9

278 1100 396 1141 Haec
428 1100 509 1141 tibi
541 1115 627 1140 non
659 1103 807 1141 tenues
840 1100 981 1141 veniet
1014 1100 1186 1154 delapsa
1216 1114 1290 1154 per
1323 1115 1465 1141 auras:

339 1158 630 1207 Quaerendast
663 1158 796 1200 oculis
829 1161 930 1212 apta
961 1158 1104 1212 puella
1135 1158 1232 1199 tuis.

225 1229 258 1253 45
281 1216 372 1258 Scit
403 1218 509 1257 bene
543 1220 736 1271 venator,
769 1217 903 1257 cervis
937 1217 1009 1257 ubi
1041 1216 1150 1257 retia
1181 1216 1347 1271 tendat,

340 1274 430 1316 Scit
462 1276 586 1329 bene,
618 1289 702 1328 qua
733 1274 930 1315 frendens
962 1274 1071 1315 valle
1104 1278 1294 1315 moretur
1325 1289 1444 1330 aper3

279 1333 531 1387 Aucupibus
563 1333 656 1373 noti
688 1333 882 1387 frutices,
915 1333 987 1386 qui
1021 1333 1205 1374 sustinet
1236 1333 1406 1388 hamos,

338 1391 490 1445 Novit,
523 1405 629 1445 quae
662 1391 798 1432 multo
830 1391 946 1445 pisce
976 1394 1179 1432 natentur
1211 1406 1361 1445 aquae:

279 1449 343 1490 Tu
376 1464 563 1503 quoque,
595 1449 819 1490 materiam
850 1450 980 1504 longo
1014 1450 1086 1503 qui
1119 1449 1287 1503 quaeris
1321 1450 1476 1505 amori,

225 1519 260 1544 50
339 1508 452 1548 Ante
485 1508 684 1561 frequens
718 1522 801 1561 quo
835 1508 891 1548 sit
925 1508 1037 1549 disce
1069 1508 1210 1561 puella
1241 1508 1348 1549 loco.

279 1565 379 1607 Non
411 1580 490 1621 ego
523 1569 797 1619 quaerentem
828 1568 955 1607 vento
989 1566 1087 1606 dare
1118 1566 1212 1607 vela
1242 1566 1418 1621 iubebo,

338 1624 429 1665 Nec
461 1624 560 1678 tibi,
591 1628 640 1664 ut
671 1624 882 1678 invenias,
912 1624 1042 1678 longa
1074 1624 1249 1664 terenda
1280 1624 1402 1665 viast.

279 1682 582 1724 Andromedan
613 1682 793 1723 Perseus
824 1682 960 1737 nigris
992 1681 1179 1735 portarit
1211 1683 1264 1723 ab
1298 1682 1433 1737 Indis,

338 1741 563 1795 Raptaque
596 1740 652 1781 sit
683 1740 872 1795 Phrygio
907 1739 1037 1780 Graia
1067 1740 1209 1794 puella
1240 1740 1350 1781 viro:

227 1810 260 1835 55
280 1799 362 1839 Tot
394 1799 473 1840 tibi
506 1802 680 1852 tamque
713 1798 832 1839 dabit
863 1798 1073 1838 formosas
1106 1798 1245 1839 Roma
1276 1798 1458 1852 puellas,

340 1857 471 1898 ‘Haec
503 1855 665 1911 habet,'
698 1860 745 1897 ut
777 1856 891 1898 dicas
925 1856 1146 1910 ‘quidquid
1177 1857 1223 1896 in
1255 1857 1356 1897 orbe
1388 1855 1498 1897 fuit?

283 1915 475 1970 Gargara
507 1918 612 1969 quot
645 1917 823 1969 segetes,
855 1917 959 1969 quot
988 1914 1118 1955 habet
1144 1914 1394 1968 Methymna
1420 1929 1623 1969 racemos,

341 1973 537 2027 Aequore
571 1976 676 2026 quot
706 1973 863 2027 pisces,
894 1972 1043 2013 fronde
1076 1975 1282 2027 teguntur
1314 1987 1430 2026 aves,

282 2030 396 2079 Quot
428 2032 590 2072 caelum
623 2031 788 2085 stellas,
818 2033 885 2071 tot
917 2030 1048 2071 habet
1080 2033 1155 2071 tua
1186 2030 1325 2072 Roma
1355 2030 1538 2086 puellas3

228 2101 262 2125 60
340 2089 479 2130 Mater
509 2089 554 2129 in
585 2088 754 2130 Aeneae
788 2089 983 2130 constitit
1015 2089 1118 2129 urbe
1152 2088 1228 2129 sui.

284 2146 367 2188 Seu
399 2147 561 2200 caperis
593 2147 742 2200 primis
776 2150 818 2188 et
850 2147 986 2187 adhuc
1020 2146 1308 2188 crescentibus
1342 2146 1482 2202 annis,

341 2205 453 2246 Ante
488 2205 632 2246 oculos
665 2205 805 2246 veniet
836 2219 936 2245 vera
966 2205 1108 2258 puella
1140 2207 1255 2259 tuos3

284 2262 381 2305 Sive
415 2263 533 2317 cupis
565 2263 780 2317 iuvenem,
811 2263 983 2303 iuvenes
1015 2262 1095 2303 tibi
1128 2262 1243 2303 mille
1274 2262 1523 2317 placebunt,

342 2320 518 2376 Cogeris
551 2323 594 2361 et
626 2321 715 2361 voti
746 2321 913 2362 nescius
946 2335 1036 2361 esse
1070 2320 1150 2374 tui3
