1690 2656
234 136 291 177 20
781 136 1021 172 AMORUM

232 230 379 286 Iurgia
410 231 622 286 finieram,
655 233 784 274 scires
817 232 1002 273 audisset
1034 233 1234 289 rubebat3

291 289 381 331 Nec
415 293 559 331 tamen
591 291 767 332 adsueto
800 290 964 331 tardius
998 293 1092 332 orta
1124 291 1223 333 dies.

90 408 201 445 XIHI.
230 405 436 447 Dicebam
469 406 693 447 ‘medicare
725 409 823 447 tuos
856 407 1012 448 desiste
1044 408 1254 462 capillos?

289 464 470 519 Tingere
504 479 631 518 quam
662 464 821 519 possiS,
850 465 937 506 iam
968 466 1048 507 tibi
1080 466 1199 508 nulla
1230 471 1404 509 comast.

232 523 293 564 At
325 523 360 563 si
391 537 518 576 passa
549 522 682 577 fores,
714 523 815 576 quid
847 527 938 565 erat
971 525 1201 579 spatiosius
1233 526 1348 567 illis?

289 579 571 636 Contigerant
602 581 756 636 imum,
788 596 871 635 qua
901 585 1021 636 patet
1052 598 1204 638 usque,
1234 584 1360 625 latus.

194 650 210 676 5
231 638 359 693 Quid,
391 640 503 692 quod
534 642 655 680 erant
686 642 854 695 tenues,
885 644 928 681 et
959 655 1064 695 quos
1097 656 1247 684 ornare
1278 643 1470 698 timeres,

286 697 394 738 Vela
427 698 606 739 colorati
639 699 781 752 qualia
814 697 936 740 Seres
968 699 1147 754 habent,

228 755 308 797 Vel
339 756 444 810 pede
478 757 589 810 quod
622 757 772 811 gracili
805 758 974 799 deducit
1007 773 1160 800 aranea
1189 759 1329 814 filum,

287 813 395 856 Cum
426 815 517 856 leve
551 815 718 856 deserta
749 816 828 857 sub
860 816 983 857 trabe
1013 817 1149 858 nectit
1181 832 1299 872 opus.

227 872 318 914 Nec
350 876 495 914 tamen
527 876 618 914 ater
649 876 741 914 erat
771 888 848 916 nec
881 878 973 915 erat
1003 878 1150 916 tamen
1180 890 1332 917 aureus
1364 877 1453 932 ille,

175 943 209 967 10
289 930 389 985 Sed,
421 932 614 985 quamvis
646 935 814 986 neuter,
846 933 1005 974 mixtus
1037 936 1216 988 uterque
1251 935 1384 990 color,

229 989 406 1038 Qualem
439 990 622 1031 clivosae
654 990 834 1032 madidis
866 991 911 1031 in
942 992 1125 1033 vallibus
1158 992 1257 1034 Idae

286 1048 432 1089 Ardua
464 1048 638 1102 derepto
671 1049 829 1090 cortice
861 1050 1009 1091 cedrus
1041 1050 1185 1092 habet.

229 1107 365 1160 Adde,
397 1107 511 1159 quod
543 1110 585 1147 et
617 1107 774 1148 dociles
807 1110 849 1149 et
881 1111 1052 1149 centum
1083 1108 1264 1151 flexibus
1297 1110 1387 1164 apti

286 1164 342 1205 Et
374 1165 456 1205 tibi
486 1164 644 1206 nullius
678 1180 805 1206 causa
837 1166 996 1207 doloris
1029 1170 1161 1208 erant.

178 1232 209 1256 15
230 1222 330 1264 Non
362 1237 461 1264 acus
494 1223 684 1278 abrupit,
714 1238 801 1264 non
831 1225 991 1265 vallum
1021 1225 1204 1279 pectinis
1236 1226 1352 1282 illos,

287 1280 488 1322 Ornatrix
519 1284 615 1322 tuto
649 1296 824 1336 corpore
858 1297 1024 1337 semper
1055 1287 1163 1324 erat:

225 1339 339 1380 Ante
372 1353 488 1380 meos
522 1343 691 1393 saepest
724 1340 869 1381 oculos
903 1344 1053 1382 ornata
1085 1356 1162 1383 nec
1193 1357 1397 1398 umquam

284 1397 494 1439 Bracchia
525 1398 699 1452 derepta
731 1399 876 1440 saucia
906 1399 1009 1441 fecit
1041 1414 1129 1441 acu.

227 1454 361 1510 Saepe
393 1456 524 1497 etiam
554 1457 744 1498 nondum
776 1457 954 1512 digestis
986 1472 1110 1499 mane
1143 1460 1308 1514 capillis

172 1524 206 1550 20
284 1514 504 1568 Purpureo
535 1514 669 1556 iacuit
701 1515 961 1570 semisupina
992 1519 1106 1558 toro:

225 1573 334 1613 Tum
367 1587 534 1627 quoque
566 1576 658 1614 erat
687 1574 878 1615 neclecta
909 1575 1078 1629 decens,
1109 1578 1157 1616 ut
1183 1575 1363 1618 Threcia
1387 1578 1567 1634 Bacche,

285 1629 392 1672 Cum
424 1634 582 1672 temere
612 1631 659 1672 in
688 1632 813 1673 viridi
846 1633 1036 1687 gramine
1066 1633 1180 1675 lassa
1210 1634 1331 1676 iacet.

226 1688 334 1730 Cum
367 1689 547 1744 graciles
581 1693 723 1731 essent
754 1693 899 1732 tamen
931 1694 973 1732 et
1004 1691 1220 1747 lanuginis
1252 1693 1406 1750 instar,

283 1747 396 1788 Heu!
430 1748 540 1789 male
571 1751 747 1789 vexatae
780 1751 940 1802 quanta
970 1750 1104 1791 tulere
1137 1753 1299 1793 comae!

171 1815 205 1841 25
226 1805 363 1854 Quam
395 1821 438 1847 se
470 1807 757 1860 praebuerunt
788 1807 900 1848 ferro
933 1808 1147 1861 patienter
1179 1812 1221 1850 et
1252 1810 1360 1865 igni,

284 1863 345 1904 Ut
375 1864 496 1905 fieret
529 1868 644 1906 torto
675 1865 827 1906 nexilis
861 1866 961 1907 orbe
995 1867 1128 1908 sinus!

227 1921 475 1963 Clamabam
507 1922 660 1964 escelus
693 1927 758 1964 est
788 1924 916 1978 istos,
948 1925 1084 1966 scelus
1116 1940 1237 1967 urere
1271 1927 1423 1969 crines!

286 1978 446 2034 Sponte
480 1981 646 2022 decent:
679 1982 827 2036 capiti,
857 1982 1012 2038 ferrea,
1041 1999 1167 2038 parce
1198 1986 1294 2026 tuo!

225 2037 327 2078 Vim
358 2039 506 2091 procul
537 2039 636 2081 hinc
668 2042 857 2082 remove!
889 2055 976 2082 non
1008 2045 1090 2097 est,
1121 2042 1193 2097 qui
1225 2043 1377 2085 debeat
1408 2045 1490 2086 uri:

173 2106 208 2131 30
285 2095 439 2137 Erudit
472 2097 665 2139 admotas
696 2099 787 2153 ipse
821 2100 999 2154 capillus
1032 2100 1159 2141 acus.5

226 2154 457 2195 Formosae
489 2155 650 2208 periere
683 2171 847 2212 comae,
880 2172 983 2211 quas
1015 2158 1143 2200 vellet
1174 2160 1350 2215 Apollo,

286 2211 398 2260 Quas
431 2212 559 2253 vellet
591 2214 720 2268 capiti
751 2215 945 2257 Bacchus
976 2216 1114 2258 inesse
1148 2232 1241 2271 511ος

226 2270 318 2311 Illis
352 2270 623 2325 contulerim,
655 2286 759 2325 quas
793 2275 1006 2327 quondam
1036 2275 1149 2317 nuda
1180 2276 1318 2318 Dione

285 2328 486 2384 Pingitur
516 2330 679 2370 umenti
712 2332 964 2374 sustinuisse
996 2348 1134 2375 manu.
