1690 2656
268 156 324 197 80
795 156 1088 192 HEROIDES.

214 263 247 288 90
327 251 500 305 Simque
533 266 612 306 ego
645 251 848 292 tristitiae
882 265 1009 292 causa
1041 251 1274 305 modusque
1306 253 1422 293 tuae!

265 309 355 351 Nec
387 311 467 351 tibi
499 313 623 363 turpe
654 313 759 363 puta
790 308 987 363 precibus
1021 310 1295 351 succumbere
1326 311 1504 352 nostris:

324 368 528 423 Coniugis
564 367 745 408 Oenides
778 382 925 408 versus
956 367 1002 407 in
1033 382 1150 408 arma
1182 372 1358 422 precest.

263 426 348 467 Res
382 427 527 467 audita
558 425 681 480 mihi,
712 428 858 466 notast
889 425 985 466 tibi:
1017 425 1223 467 fratribus
1257 427 1361 468 orba

321 485 505 525 Devovit
535 484 627 525 nati
659 498 859 538 spemque
893 487 1102 538 caputque
1133 499 1298 538 parens.

211 556 243 579 95
263 543 430 583 Bellum
463 545 571 583 erat:
602 542 674 583 ille
705 542 826 583 ferox
857 542 1010 596 positis
1045 543 1219 584 secessit
1252 544 1304 584 ab
1338 543 1466 585 armis

321 601 378 641 Et
409 601 574 654 patriae
605 601 743 655 rigida
775 604 917 641 mente
948 601 1122 655 negavit
1154 615 1294 656 opem3

264 658 362 700 Sola
394 659 533 700 virum
566 659 751 700 coniunx
782 659 911 700 flexit.
961 658 1126 700 felicior
1157 659 1246 700 illa!

320 718 380 758 At
411 732 506 758 mea
536 719 630 772 pro!
662 718 783 758 nullo
815 717 1000 771 pondere
1032 718 1161 758 verba
1193 718 1360 758 cadunt.

261 774 350 816 Nec
382 779 527 816 tamen
557 776 758 831 indignor
789 790 866 816 nec
898 790 964 816 me
996 789 1074 829 pro
1108 776 1287 830 coniuge
1321 776 1434 830 gessi

191 846 241 870 100
321 832 498 888 Saepius
528 834 575 874 111
606 834 767 875 domini
800 849 921 875 serva
952 837 1104 875 vocata
1135 837 1289 875 torum.

261 891 329 932 Me
363 893 586 946 quaedam,
618 893 811 945 memini,
844 892 1059 933 dominam
1092 892 1261 946 captiva
1291 892 1490 933 vocabat:

319 949 533 991 ‘Servitio’
567 951 653 991 dixi
686 951 885 991 ‘nominis
918 951 1036 991 addis
1071 950 1203 991 onus.'

258 1007 340 1049 Per
371 1012 515 1049 tamen
548 1023 644 1050 ossa
676 1009 755 1050 viri
789 1009 932 1049 subito
965 1009 1074 1049 male
1106 1011 1220 1049 tecta
1252 1008 1465 1063 sepulcro,

320 1065 494 1121 Semper
524 1067 693 1108 iudiciis
727 1081 823 1107 ossa
854 1067 1036 1108 verenda
1068 1067 1192 1120 meis,

189 1137 239 1161 105
258 1124 422 1179 Perque
454 1125 586 1166 trium
617 1125 750 1166 fortes
784 1125 967 1179 animas,
996 1139 1091 1165 mea
1121 1124 1315 1179 numina,
1346 1124 1547 1179 fratrum,

318 1182 398 1231 Qui
430 1184 537 1224 bene
568 1198 646 1238 pro
678 1183 819 1237 patria
851 1198 947 1224 cum
978 1183 1200 1237 patriaque
1232 1183 1393 1237 iacent,

257 1240 422 1294 Perque
460 1245 583 1282 tuum
613 1245 894 1295 nostrumque
927 1245 1073 1295 caput,
1110 1255 1216 1294 quae
1247 1241 1464 1282 iunximus
1496 1256 1599 1294 una,

315 1299 480 1353 Perque
513 1303 610 1340 tuos
643 1314 782 1353 enses,
814 1300 987 1354 cognita
1018 1299 1105 1340 tela
1134 1299 1258 1354 meis,

256 1357 389 1398 Nulla
420 1358 698 1412 Mycenaeum
731 1358 915 1399 sociasse
948 1358 1106 1399 cubilia
1137 1372 1304 1399 mecum

187 1428 237 1452 110
316 1416 434 1457 Iuro:
466 1416 685 1457 fallentem
718 1417 952 1458 deseruisse
984 1417 1105 1457 velis!

258 1473 302 1515 Si
335 1474 415 1515 tibi
445 1489 558 1516 nunc
590 1475 727 1516 dicam
761 1474 1026 1529 ‘fortissime,
1057 1478 1106 1516 tu
1138 1488 1305 1529 quoque
1336 1475 1431 1516 iura

314 1532 445 1574 Nulla
476 1533 557 1574 tibi
590 1533 679 1574 sine
711 1548 777 1574 me
811 1533 965 1588 gaudia
995 1531 1144 1587 facta',
1173 1547 1314 1587 neges.

255 1591 315 1632 At
346 1591 487 1632 Danai
519 1606 706 1632 maerere
738 1595 910 1645 putant:
942 1591 1022 1632 tibi
1054 1591 1216 1645 plectra
1247 1594 1491 1644 moventur,

313 1649 371 1690 Te
403 1653 522 1691 tenet
552 1650 598 1691 in
629 1650 772 1704 tepido
806 1649 948 1690 mollis
981 1649 1118 1690 amica
1150 1649 1256 1690 sinu.

186 1719 235 1744 115
255 1707 313 1748 Et
346 1708 571 1762 quisquam
604 1708 788 1762 quaerit,
820 1722 949 1761 quare
980 1722 1170 1763 pugnare
1201 1708 1387 1748 recuses!

313 1765 465 1821 Pugna
495 1769 639 1819 nocet,
671 1766 858 1807 citharae
889 1781 1057 1819 noxque
1090 1765 1318 1818 Venusque
1350 1766 1517 1819 iuvant3

254 1824 406 1865 Tutius
440 1828 504 1865 est
534 1825 716 1865 iacuisse
749 1828 864 1878 toro,
895 1825 1082 1865 tenuisse
1114 1824 1319 1878 puellam,

312 1882 553 1924 Threiciam
586 1883 733 1938 digitis
763 1883 1025 1937 increpuisse
1057 1883 1212 1936 lyram,

255 1939 391 1987 Quam
422 1941 620 1982 manibus
653 1941 811 1995 clipeos
846 1944 887 1982 et
919 1944 1068 1982 acutae
1102 1940 1287 1994 cuspidis
1319 1939 1509 1995 hastam,

183 2009 234 2034 120
312 1998 369 2038 Et
403 1999 569 2053 galeam
599 2014 745 2053 pressa
778 1999 1032 2040 sustinuisse
1065 2013 1197 2040 coma.

255 2055 337 2096 Sed
369 2057 447 2097 tibi
480 2072 557 2111 pro
590 2058 696 2098 tutis
728 2058 915 2112 insignia
945 2058 1061 2098 facta
1091 2057 1334 2111 placebant,

311 2113 525 2168 Partaque
557 2116 755 2157 bellando
789 2116 926 2171 gloria
958 2116 1093 2156 dulcis
1125 2119 1226 2156 erat.

252 2173 322 2213 An
352 2175 540 2227 tantum,
572 2175 671 2215 dum
704 2189 769 2215 me
803 2189 992 2228 caperes,
1024 2174 1113 2214 fera
1144 2173 1256 2214 bella
1286 2172 1520 2226 probabas,

312 2229 503 2284 Cumque
536 2246 628 2272 mea
661 2233 801 2285 patria
832 2233 926 2274 laus
958 2235 1033 2273 tua
1064 2232 1178 2272 victa
1208 2231 1348 2272 iacet?

181 2300 231 2324 125
251 2288 307 2329 Di
340 2289 507 2329 melius!
541 2290 782 2344 validoque,
812 2305 980 2345 precor,
1011 2290 1179 2331 vibrata
1209 2290 1368 2330 lacerto

309 2347 516 2388 Transeat
548 2347 808 2389 Hectoreum
839 2348 979 2390 Pelias
1011 2349 1136 2389 hasta
1167 2348 1296 2388 latus!
