1674 2662
549 154 573 188 Ι.
600 152 892 188 PENELOPE
914 164 1021 189 1-61.
1410 154 1460 194 71

75 259 107 284 25
127 247 319 301 Argolici
350 248 510 289 rediere
544 248 687 289 duces:
720 248 872 289 altaria
903 248 1088 303 fumant,

185 305 366 346 Ponitur
398 306 449 347 ad
480 306 643 360 patrios
675 307 857 348 barbara
888 307 1044 360 praeda
1076 308 1193 359 deos3

129 362 260 404 Grata
291 364 435 405 ferunt
465 364 677 418 nymphae
709 379 786 418 pro
820 365 947 405 salvis
981 365 1091 406 dona
1122 366 1307 419 maritis,

185 421 254 462 Illi
286 422 399 463 victa
431 423 517 463 suis
551 422 702 463 Troica
732 422 823 463 fata
855 426 1029 478 canunt,

127 478 338 521 Mirantur
367 480 554 534 iustique
587 494 706 521 senes
740 481 1012 534 trepidaeque
1044 481 1227 536 puellae,

76 548 109 572 30
187 537 413 579 Narrantis
446 538 630 579 coniunx
660 539 815 592 pendet
847 540 900 580 ab
934 554 1004 580 ore
1037 540 1133 593 viri,

126 595 267 649 Atque
300 596 453 650 aliquis
485 596 627 650 posita
659 600 871 637 monstrat
903 597 993 638 fera
1024 598 1185 651 proelia
1217 613 1363 640 mensa

183 653 331 708 Pingit
364 657 406 695 et
438 654 592 709 exiguo
624 654 833 709 Pergama
865 658 957 696 tota
988 670 1122 696 mero:

126 710 233 752 ‘Hac
265 712 357 752 ibat
391 711 565 766 Simois,
596 712 699 754 haec
732 716 796 753 est
830 712 973 768 Sigeia
1004 714 1150 767 tellus,

182 769 265 810 Hic
297 773 477 810 steterat
508 770 667 811 Priami
699 771 817 825 regia
850 772 959 812 celsa
993 772 1122 825 senis3

71 838 104 864 35
125 826 218 868 Illic
251 828 477 881 Aeacides,
508 829 595 869 illic
627 829 829 869 tendebat
861 828 1026 883 Ulixes,

183 885 264 926 Hic
295 886 409 927 lacer
441 886 649 927 admissos
681 887 834 927 terruit
864 887 1026 928 Hector
1058 888 1216 942 equos.’

125 942 278 984 Omnia
308 958 491 997 namque
523 947 598 985 tuo
632 944 772 985 senior
804 948 845 985 te
878 959 1077 998 quaerere
1111 946 1242 987 misso

182 1001 425 1043 Rettulerat
455 1005 558 1043 nato
591 1001 767 1056 Nestor,
799 1005 843 1043 at
873 1003 944 1043 ille
977 1003 1093 1043 mihi.

125 1059 311 1100 Rettulit
343 1063 385 1100 et
416 1060 528 1100 ferro
559 1060 833 1114 Rhesumque
865 1060 1118 1114 Dolonaque
1151 1076 1315 1116 caesos,

70 1129 104 1153 40
183 1116 325 1171 thue
359 1118 414 1159 sit
444 1118 514 1159 hic
547 1132 696 1159 somno
725 1119 937 1173 proditus,
967 1120 1038 1160 1116
1072 1119 1180 1160 dolo.

123 1175 266 1216 Ausus
299 1190 361 1230 es,
393 1190 417 1217 o
448 1176 629 1217 nimium
659 1177 922 1230 nimiumque
957 1177 1087 1218 oblite
1121 1181 1312 1233 tuorum,

182 1234 363 1275 Thracia
394 1237 603 1275 nocturno
635 1238 810 1289 tangere
844 1238 983 1276 castra
1016 1236 1112 1276 dolo

123 1291 289 1345 Totque
323 1292 449 1332 simul
482 1295 667 1333 mactare
696 1294 828 1346 viros,
861 1293 1030 1333 adiutus
1064 1294 1116 1333 ab
1149 1295 1251 1334 uno!

182 1350 242 1390 At
273 1351 379 1390 bene
412 1353 562 1391 cautus
595 1365 687 1390 eras
720 1353 762 1391 et
793 1365 956 1391 memor
989 1354 1086 1391 ante
1119 1352 1218 1392 mei!

70 1419 103 1444 45
123 1406 268 1461 Usque
300 1411 418 1448 metu
450 1408 633 1449 micuere
667 1408 803 1462 sinus,
834 1409 933 1449 dum
964 1409 1102 1449 victor
1134 1409 1317 1450 amicum

181 1465 333 1506 Dictus
367 1480 410 1507 es
443 1466 634 1507 Ismariis
666 1466 749 1507 isse
781 1481 856 1520 per
889 1481 1042 1521 agmen
1074 1467 1204 1520 equis.

125 1522 206 1564 Sed
237 1524 343 1564 mihi
376 1524 476 1579 quid
507 1525 682 1578 prodest
714 1525 866 1565 vestris
900 1525 1076 1566 disiecta
1107 1525 1278 1566 lacertis

181 1581 285 1622 Ilios
318 1585 378 1636 et,
410 1597 557 1623 murus
590 1583 702 1636 quod
733 1582 833 1637 fuit,
865 1597 956 1624 esse
990 1583 1145 1636 solum,

126 1638 171 1681 Si
204 1654 372 1694 maneo,
405 1641 542 1694 qualis
569 1641 695 1682 Troia
728 1641 906 1681 durante
938 1642 1181 1694 manebam,

70 1708 104 1733 50
182 1697 344 1751 Virque
376 1699 482 1739 mihi
515 1699 686 1752 dempto
719 1699 801 1740 fine
835 1700 1039 1740 carendus
1074 1699 1223 1740 abest?

122 1755 278 1796 Diruta
311 1759 410 1797 sunt
443 1756 556 1810 aliis,
588 1757 661 1797 uni
692 1757 798 1797 mihi
828 1756 1039 1812 Pergama
1070 1760 1252 1810 restant,

181 1814 326 1855 Incola
358 1814 526 1868 captivo
560 1829 666 1868 quae
698 1816 805 1855 bove
837 1815 975 1856 victor
1007 1818 1109 1856 arat.

121 1871 213 1912 Iam
247 1886 367 1927 seges
400 1875 482 1925 est,
516 1873 590 1913 ubi
622 1872 749 1913 Troia
780 1873 881 1924 fuit,
911 1873 1222 1926 resecandaque
1254 1872 1361 1914 falce

179 1929 389 1971 Luxuriat
413 1930 603 1985 Phrygio
637 1931 842 1985 sanguine
873 1931 1045 1985 pinguis
1077 1931 1251 1985 humus,

68 1997 101 2023 55
123 1986 407 2042 Semisepulta
438 1988 577 2029 virum
609 1989 747 2029 curvis
780 1989 991 2029 feriuntur
1027 1989 1180 2030 aratris

180 2045 305 2100 Ossa,
336 2046 532 2087 ruinosas
566 2046 723 2087 occulit
753 2047 886 2087 herba
918 2047 1084 2088 domos:

90 2102 272 2144 ‘Victor
304 2105 424 2157 abes,
454 2119 531 2145 nec
566 2104 671 2145 scire
705 2104 828 2158 mihi,
861 2119 967 2158 quae
1001 2119 1128 2146 causa
1159 2106 1371 2160 morandi,

177 2161 268 2202 Aut
298 2161 344 2202 in
376 2176 459 2215 quo
491 2162 626 2203 lateas
657 2162 819 2203 ferreus
853 2163 973 2217 orbe,
1003 2163 1119 2204 licet!

121 2218 323 2273 Quisquis
357 2220 409 2260 ad
440 2220 543 2261 haec
575 2221 705 2261 vertit
735 2220 1006 2275 peregrinam
1035 2221 1163 2262 litora
1193 2222 1388 2276 puppim,

67 2287 100 2312 60
178 2277 255 2318 Ille
288 2277 394 2318 mihi
427 2278 475 2319 de
508 2281 550 2318 te
583 2278 718 2319 multa
749 2281 926 2334 rogatus
959 2279 1067 2333 abit,

120 2333 338 2389 Quamque
371 2336 452 2376 tibi
483 2336 650 2392 reddat,
682 2337 718 2377 si
750 2340 792 2377 te
825 2337 951 2377 modo
983 2337 1137 2378 viderit
1168 2352 1366 2392 usquam,
