1674 2662
525 184 568 228 ΙΙ,
595 195 754 221 731—746.
804 184 864 229 III,
890 194 998 220 1—54.
1347 186 1434 228 225

152 279 307 322 Fertur
338 282 380 321 et
412 282 510 321 ante
543 293 676 321 annos
708 279 957 322 occubuisse
990 294 1107 335 suos3

95 338 204 380 Fata
233 338 511 379 Pheretiadae
544 338 727 379 coniunx
758 338 976 393 Pagasaea
1006 338 1186 380 redemit

42 408 76 434 20
153 396 320 450 Proque
351 396 486 437 virost
517 411 624 437 uxor
655 396 801 438 funere
833 397 922 438 lata
952 396 1043 437 viri.

94 454 268 509 ‘Accipe
300 469 386 509 me,
417 453 632 508 Capaneu!
667 455 828 496 cineres
860 454 1148 496 miscebimur'
1179 454 1321 509 inquit

151 512 296 567 Iphias
327 512 374 552 in
404 512 565 553 medios
598 512 851 567 desiluitque
883 527 1023 568 rogos.

93 571 194 625 Ipsa
225 584 392 624 quoque
424 573 467 611 et
499 571 659 612 cultust
691 574 733 612 et
763 571 934 612 nomine
966 570 1125 612 femina
1155 570 1323 612 Virtus:

152 628 253 670 Non
283 628 457 683 mirum,
487 629 646 683 populo
679 629 714 669 si
745 629 885 683 placet
914 629 989 669 illa
1021 644 1108 670 suo.

42 698 75 724 25
94 686 184 728 Nec
215 690 360 728 tamen
389 686 469 728 hae
500 690 665 728 mentes
695 690 843 728 nostra
873 690 1108 742 poscuntur
1141 688 1193 729 ab
1227 691 1334 729 arte:

154 743 423 786 Conveniunt
455 745 631 786 cumbae
662 745 756 786 vela
787 745 953 787 minora
983 760 1112 787 meae.

95 801 170 844 Nil
200 803 283 844 nisi
313 803 462 844 lascivi
492 818 568 857 per
599 818 666 844 me
698 804 919 845 discuntur
951 818 1132 845 amores:

153 860 330 902 Femina
359 861 619 915 praecipiam
652 876 736 915 quo
769 862 825 902 sit
857 862 1037 903 amanda
1068 862 1206 903 modo.

94 919 272 960 Femina
301 933 378 960 nec
409 919 603 960 flammas
634 934 711 960 nec
744 934 891 961 saevos
924 920 1100 961 discutit
1132 934 1273 975 arcus3

42 988 76 1013 so
152 976 328 1018 Parcius
359 977 463 1018 haec
493 977 615 1018 video
648 977 734 1017 tela
764 991 914 1018 nocere
946 977 1061 1019 viris.

96 1033 229 1088 Saepe
260 1034 341 1075 viri
371 1034 545 1089 fallunt,
580 1038 750 1075 tenerae
781 1049 868 1076 non
899 1050 1023 1089 saepe
1053 1036 1220 1090 puellae

151 1092 395 1147 Paucaque,
428 1092 464 1133 si
496 1107 691 1147 quaeras,
723 1093 900 1134 crimina
930 1093 1092 1134 fraudis
1124 1093 1295 1136 habent.

92 1149 295 1205 Phasida,
324 1150 411 1192 iam
442 1154 641 1205 matrem,
677 1151 808 1192 fallax
840 1151 1002 1193 dimisit
1033 1151 1148 1193 Iaso:

151 1208 282 1249 Venit
310 1208 356 1249 in
386 1208 595 1250 Aesonios
628 1209 761 1250 altera
791 1212 926 1264 nupta
958 1210 1093 1264 sinus3

41 1277 74 1304 35
95 1265 309 1315 Quantum
340 1266 385 1307 in
415 1270 476 1321 te,
506 1267 690 1321 Theseu,
721 1267 914 1309 volucres
945 1267 1135 1309 Ariadna
1166 1269 1353 1311 marinas

150 1324 292 1379 Pavit,
322 1324 368 1365 in
397 1325 548 1380 ignoto
582 1326 673 1366 sola
703 1325 852 1367 relicta
882 1326 994 1380 loco;

94 1382 274 1437 Quaere,
302 1397 456 1424 novem
488 1398 562 1424 cur
591 1398 677 1424 una
707 1384 799 1424 viae
832 1383 1044 1438 dicantur,
1075 1387 1118 1425 et
1151 1385 1248 1426 audi

152 1440 369 1494 Depositis
402 1441 529 1482 silvas
562 1441 759 1495 Phyllida
789 1442 911 1482 flesse
944 1441 1094 1497 comis3

94 1497 153 1540 Et
182 1498 340 1539 famam
370 1499 543 1553 pietatis
575 1499 706 1540 habet
737 1502 882 1541 tamen
911 1500 1068 1554 hospes
1100 1503 1143 1541 et
1175 1515 1319 1543 ensem

40 1568 75 1592 40
152 1555 355 1598 Praebuit
388 1560 430 1598 et
461 1572 633 1598 causam
664 1558 833 1611 mortis,
863 1557 1023 1612 Elissa,
1054 1561 1163 1600 tuae.

94 1614 204 1663 Quid
233 1629 309 1656 vos
340 1615 588 1670 perdiderit,
619 1616 773 1657 dicam:
805 1616 1001 1657 nescistis
1035 1631 1193 1671 amare3

151 1672 301 1713 Defuit
332 1687 399 1714 ars
431 1673 570 1714 vobis:
603 1677 692 1715 arte
723 1677 929 1728 perennat
961 1688 1090 1715 amor.

94 1729 218 1771 Nunc
251 1744 417 1785 quoque
447 1732 676 1773 nescirent!
722 1733 794 1773 sed
825 1747 891 1773 me
925 1730 1134 1787 Cytherea
1166 1732 1314 1773 docere

152 1787 286 1828 Iussit
318 1791 360 1828 et
392 1791 488 1829 ante
522 1789 666 1830 oculos
699 1791 895 1831 constitit
925 1790 1019 1844 ipsa
1051 1805 1185 1843 meos3

41 1856 75 1882 45
95 1845 203 1886 Tum
234 1845 339 1886 mihi
371 1845 488 1899 ‘quid
518 1847 711 1888 miserae'
744 1849 851 1888 dixit
883 1848 1086 1888 ‘meruere
1118 1848 1312 1902 puellae‘?

151 1903 351 1944 Traditur
382 1904 555 1945 armatis
588 1905 740 1959 vulgus
770 1906 931 1946 inerme
963 1906 1077 1946 viris.

94 1961 198 2002 Illos
231 1961 414 2003 artifices
447 1962 605 2017 gemini
636 1963 771 2004 fecere
802 1963 952 2004 libelli:

153 2019 270 2060 Haec
303 2033 469 2074 quoque
499 2035 598 2074 pars
630 2021 804 2062 monitis
837 2021 1063 2062 erudienda
1094 2021 1190 2062 tuis.

93 2076 258 2118 Probra
288 2077 584 2132 Therapnaeae
618 2079 689 2132 qui
721 2079 883 2120 dixerat
916 2083 1012 2120 ante
1044 2080 1240 2134 maritae,

40 2146 74 2171 50
151 2134 253 2176 Mox
285 2136 438 2177 cecinit
468 2136 613 2177 laudes
645 2138 911 2191 prosperiore
943 2138 1052 2192 lyra3

95 2191 139 2234 Si
171 2194 277 2234 bene
309 2196 352 2234 te
383 2194 483 2234 novi
515 2193 670 2248 (cultas
697 2209 749 2236 ne
781 2195 899 2236 laede
930 2195 1150 2251 puellasl),

153 2249 319 2306 Gratia,
350 2252 451 2292 dum
481 2251 615 2306 vives,
645 2253 729 2294 ista
760 2254 942 2307 petenda
973 2254 1123 2295 tibist?

92 2308 214 2350 Dixit
245 2312 287 2350 et
319 2324 340 2350 e
372 2313 513 2364 myrto
546 2309 703 2365 (myrto
735 2326 834 2353 nam
865 2312 1007 2353 vincta
1042 2312 1217 2367 capillos

152 2365 432 2424 Constiterat)
465 2368 616 2410 folium
649 2383 862 2424 granaque
894 2385 1029 2425 pauca
1061 2371 1192 2426 dedit3

162 2441 252 2468 Ovm.
277 2443 302 2468 Ι.
1103 2443 1145 2473 15
