1690 2656
271 140 326 181 66
822 139 1059 173 AMORUM

270 234 444 276 Aeolios
477 235 637 276 Ithacis
669 234 920 275 inclusimus
952 234 1122 274 utribus
1153 234 1312 289 Euros,

217 304 252 329 30
330 293 530 334 Proditor
560 294 605 333 in
637 292 775 332 medio
808 291 1013 332 Tantalus
1047 307 1169 333 amne
1202 293 1311 348 sitit3

271 350 335 392 De
367 351 506 392 Niobe
540 351 720 403 silicem,
752 350 801 391 de
833 350 998 405 virgine
1031 350 1209 392 fecimus
1242 366 1404 406 ursam,

331 408 529 450 Concinit
561 408 790 463 Odrysium
822 406 1021 463 Cecropis
1056 409 1141 450 ales
1174 409 1292 464 Ityn,

270 467 464 521 Iuppiter
497 470 570 508 aut
601 467 647 507 in
680 481 777 508 aves
810 470 883 508 aut
917 481 960 508 se
992 467 1272 509 transformat
1303 468 1348 508 in
1380 482 1530 510 aurum

328 525 417 567 Aut
451 528 566 567 secat
596 525 785 579 inposita
816 526 980 580 virgine
1012 529 1159 567 taurus
1192 541 1342 581 aquas3

217 595 249 619 35
270 583 425 625 Protea
458 584 559 637 quid
590 584 772 625 referam
804 583 1089 638 Thebanaque
1123 584 1301 637 semina,
1334 585 1499 638 dentes,

329 641 410 690 Qui
441 646 662 683 vomerent
694 642 887 683 flammas
920 657 1009 697 ore,
1040 642 1171 684 fuisse
1203 643 1352 697 boves,

269 700 392 741 Flere
425 700 544 755 genis
578 701 735 742 electra
766 704 880 755 tuas,
911 701 1094 756 Auriga,
1127 715 1312 755 sorores,

329 758 528 812 Quaeque
561 762 674 800 rates
706 758 884 814 fuerint,
914 773 1026 800 nunc
1059 759 1188 800 maris
1221 774 1312 800 esse
1346 759 1463 814 deas,

268 817 563 871 Aversumque
596 817 707 858 diem
739 817 897 859 mensis
928 817 1155 859 furialibus
1186 817 1309 858 Atrei

216 887 249 911 40
328 875 529 929 Duraque
562 890 807 930 percussam
840 890 941 917 saxa
974 879 1119 917 secuta
1150 876 1316 930 lyram?

268 933 371 974 Exit
401 934 447 974 in
477 934 720 975 inmensum
752 934 931 975 fecunda
961 934 1135 976 licentia
1162 938 1328 989 vatum,

328 991 503 1047 Obligat
535 992 740 1034 historica
770 1007 847 1034 nec.
880 1007 957 1033 sua
987 992 1117 1033 verba
1147 992 1246 1046 fide3

267 1049 325 1091 Et
357 1065 451 1091 mea
483 1051 686 1092 debuerat
718 1050 827 1092 falso
858 1051 1032 1092 laudata
1062 1050 1195 1091 videri

326 1108 520 1150 Femina:
553 1109 780 1151 credulitas
811 1123 923 1150 nunc
955 1109 1060 1150 mihi
1091 1112 1235 1150 vestra
1265 1112 1401 1150 nocet.

143 1228 239 1264 XIII.
268 1223 375 1266 Cum
407 1225 512 1266 mihi
544 1226 764 1280 pomiferis
798 1225 981 1267 coniunx
1013 1225 1124 1265 foret
1158 1228 1252 1266 orta
1284 1225 1481 1280 Faliscis,

324 1284 495 1324 Moenia·
526 1284 785 1339 contigimus
818 1284 949 1337 victa,
981 1283 1177 1337 Camille,
1209 1283 1300 1324 tibi.

267 1340 395 1383 Casta
428 1343 668 1383 sacerdotes
700 1342 856 1383 Iunoni
887 1341 999 1382 festa
1028 1341 1240 1396 parabant

323 1399 404 1441 Per
437 1401 622 1442 celebres
654 1401 777 1441 ludos
809 1400 1139 1455 indigenamque
1170 1400 1340 1441 bovem:

228 1470 243 1494 5
266 1457 434 1500 Grande
467 1473 610 1500 morae
641 1459 827 1513 pretium
858 1459 966 1500 ritus
999 1472 1274 1513 cognoscere,
1306 1458 1499 1513 quamvis

323 1517 523 1558 Difficilis
557 1518 676 1559 clivis
708 1518 791 1559 huc
823 1517 892 1558 via
922 1517 1099 1571 praebet
1128 1516 1221 1557 iter.

266 1574 361 1616 Stat
393 1579 514 1617 vetus
548 1579 590 1617 et
622 1577 750 1617 densa
782 1575 1057 1630 praenubilus
1091 1575 1241 1616 arbore
1272 1575 1412 1630 lucus3

322 1634 526 1688 Adspice:
560 1635 763 1676 concedes
796 1648 954 1675 numen
991 1634 1129 1674 inesse
1162 1633 1275 1688 loc03

263 1692 433 1746 Accipit
466 1708 539 1734 ara
569 1707 716 1747 preces
748 1692 975 1746 votivaque
1008 1695 1103 1733 tura
1134 1691 1322 1746 piorum,

212 1762 243 1785 10
322 1750 409 1792 Ara
439 1765 515 1804 per
547 1751 744 1805 antiquas
775 1751 889 1792 facta
915 1750 1005 1792 sine
1038 1754 1128 1791 arte
1159 1764 1322 1791 manus.

262 1808 391 1863 Hinc,
423 1809 496 1849 ubi
529 1809 777 1863 praesonuit
809 1809 1004 1850 sollemni
1036 1809 1144 1850 tibia
1177 1811 1322 1863 cantu,

320 1867 361 1908 It-
393 1882 467 1921 per
499 1868 661 1909 velatas
695 1883 835 1909 annua
865 1881 1023 1922 pompa
1054 1867 1162 1921 vias3

261 1924 488 1966 Ducuntur
519 1927 667 1967 niveae
698 1927 857 1981 populo
889 1927 1116 1980 plaudente
1147 1926 1369 1979 iuvencae,

321 1982 434 2031 Quas
468 1984 574 2025 aluit
607 1985 766 2039 campis
798 1985 931 2026 herba
963 1984 1132 2025 Falisca
1164 1984 1269 2037 suis,

208 2051 240 2076 15
261 2041 320 2082 Et
351 2041 476 2082 vituli
507 2044 696 2084 nondum
731 2044 954 2084 metuenda,
985 2043 1125 2084 fronte
1158 2042 1343 2083 minaces

318 2099 376 2139 Et
408 2100 548 2141 minor
580 2117 629 2142 ex
661 2102 813 2142 humili
844 2102 1020 2143 victima
1050 2115 1205 2156 porcus
1237 2100 1343 2141 hara

259 2157 441 2211 Duxque
476 2159 617 2214 gregis
651 2175 783 2201 cornu
814 2175 889 2214 per
921 2164 1115 2214 tempora
1148 2160 1252 2200 dura
1283 2172 1479 2213 recurv03

318 2216 505 2257 invisast
538 2218 732 2259 dominae
766 2219 855 2259 sola
888 2218 1050 2272 capella
1082 2218 1199 2259 deae:

258 2274 380 2314 Illius
412 2274 569 2316 indicio
604 2276 720 2317 silvis
753 2277 926 2318 inventa
958 2277 1036 2318 sub
1070 2277 1168 2317 altis

205 2343 239 2368 20
316 2333 486 2375 Dicitur
517 2333 732 2390 inceptam
765 2335 1009 2376 destituisse
1041 2334 1205 2389 fugam3
