1674 2662
652 181 813 206 177—250.
1318 170 1401 211 253

126 266 146 306 I
178 266 326 320 procul
359 268 401 306 et
431 265 582 320 longas
615 279 786 318 carpere
815 278 945 320 perge
976 264 1083 306 vias!

18 335 50 361 15
68 323 231 377 Flebis,
262 327 303 365 et
336 326 528 364 occurret
561 323 751 364 desertae
781 336 938 363 nomen
969 322 1147 377 amicae,

127 381 270 423 Stabit
301 385 343 422 et
373 381 418 422 in
448 381 586 422 media
617 395 690 435 pes
722 380 803 422 tibi
835 395 958 435 saepe
990 381 1076 435 via,

69 439 151 482 Sed
184 442 342 493 quanto
376 439 514 480 minus
546 439 608 480 ire
639 438 775 493 voles,
803 439 943 494 magis
974 439 1035 479 ire
1067 440 1298 480 memento:

125 497 271 539 Perfer
302 501 345 538 et
375 498 532 538 invitos
566 511 732 545 currere
765 510 868 551 coge
899 497 1043 551 pedes!

68 555 157 597 Nec
189 556 353 610 pluvias
387 559 504 609 opta,
535 570 611 596 1100
641 558 683 596 10
715 555 940 609 peregrina
971 557 1190 596 morentur

33 625 50 650 0
128 612 315 655 Sabbata
345 628 421 654 nec
453 613 618 654 damnis
649 613 764 654 Allia
794 616 898 654 nota
930 613 1034 667 suis3

67 670 155 713 Nec
189 675 293 725 quot
325 671 562 727 transieris,
600 671 672 712 sed
704 674 808 724 quot
838 671 940 724 tibi,
978 685 1149 725 quaere,
1186 670 1402 725 supersint

124 729 262 783 Milia,
292 744 387 784 1100,
418 744 588 770 maneas
620 732 669 770 ut
698 742 848 783 prope,
878 729 991 784 finge
1023 743 1183 783 moras,

67 787 276 842 Tempora
306 802 384 829 nec
413 802 589 828 numera
619 801 695 828 nec
728 787 875 828 crebro
907 787 1069 841 respice
1100 786 1302 841 Romam,

128 844 209 886 Sed
240 846 357 900 fuge:
390 848 508 886 tutus
541 845 676 887 adhuc
707 844 893 886 Parthus
926 846 978 886 ab
1010 845 1135 886 hoste
1167 845 1324 900 sugast.

16 914 49 939 25
67 903 186 944 Dura
219 903 371 957 aliquis
402 906 628 957 praecepta
658 906 782 944 vocet
812 917 922 944 mea:
954 903 1059 944 dura
1089 903 1274 944 fatemur

126 961 250 1014 Esse,
282 962 355 1002 sed
385 964 433 1001 ut
459 962 618 1015 valeas,
649 961 787 1001 multa
819 961 998 1001 dolenda
1028 961 1149 1002 feres.

70 1018 202 1073 Saepe
233 1019 324 1059 bibi
356 1033 497 1072 sucos,
528 1018 721 1072 quamvis
753 1018 934 1072 invitus,
966 1033 1132 1060 amaros

125 1077 283 1132 Aeger,
314 1079 356 1118 et
388 1076 527 1117 oranti
558 1090 704 1117 mensa
733 1079 891 1131 negata
922 1076 1038 1117 mihi.

67 1133 127 1175 Ut
159 1149 311 1188 corpus
341 1134 542 1188 redimas,
573 1134 732 1176 ferrum
762 1134 939 1188 patieris
972 1138 1014 1176 et
1044 1135 1167 1190 ignes

17 1203 50 1228 30
126 1193 257 1233 Arida
287 1207 364 1234 nec
397 1192 544 1233 sitiens
577 1207 650 1234 ora
678 1193 840 1234 levabis
873 1207 998 1246 aqua:

68 1249 128 1291 Ut
159 1250 298 1291 valeas
332 1250 491 1304 animo,
523 1250 750 1305 quicquam
780 1251 962 1291 tolerare
993 1251 1202 1306 negabis?

125 1308 185 1349 At
215 1308 401 1362 pretium
431 1323 529 1362 pars
560 1308 663 1350 haec
696 1323 871 1363 corpore
903 1309 1041 1350 maius
1071 1309 1213 1350 habet.

70 1365 151 1407 Sed
182 1369 325 1407 tamen
356 1369 420 1407 est
451 1366 555 1407 artis
586 1367 833 1408 tristissima
862 1368 991 1408 ianua
1019 1370 1210 1422 nostrae,

126 1424 184 1464 Et
216 1425 337 1465 labor
368 1427 433 1465 031
464 1439 590 1480 1111113,
624 1428 819 1490 1011111013
849 1425 988 1490 prima
1017 1425 1120 1490 pati.

0 1491 50 1518 235
69 1481 285 1536 Adspicis,
315 1485 364 1522 ut
394 1496 568 1536 prensos
601 1487 727 1524 urant
756 1484 859 1538 iuga
888 1483 1026 1537 prima
1055 1483 1276 1538 iuvencos,

127 1539 185 1580 Et
216 1554 326 1581 nova
356 1541 544 1582 velocem
575 1541 746 1596 cingula
776 1541 918 1582 laedat
948 1541 1131 1594 equum?

69 1597 269 1639 Forsitan
300 1613 323 1639 a
353 1598 534 1640 Laribus
565 1599 716 1654 patriis
748 1599 861 1640 exire
891 1599 1074 1654 pigebit:

129 1654 211 1697 Sed
241 1659 385 1697 tamen
415 1657 568 1712 exibis3
599 1657 747 1698 deinde
778 1657 913 1698 redire
944 1657 1080 1711 voles,

69 1712 159 1754 Nec
190 1717 231 1754 te
262 1713 346 1754 Lar
376 1715 558 1769 patrius,
590 1716 662 1756 sed
694 1729 813 1756 amor
843 1715 1061 1757 revocabit
1093 1715 1252 1758 amicae

0 1781 51 1806 240
128 1770 412 1812 Praetendens
445 1772 591 1837 01111130
624 1773 842 1827 splendida
872 1773 1001 1814 verba
1031 1776 1142 1814 tuae.

71 1827 177 1870 Cum
209 1829 338 1870 semel
369 1830 539 1883 exieris,
570 1835 740 1872 centum
772 1831 932 1872 solacia
963 1845 1087 1872 curae

128 1886 186 1927 Et
216 1901 288 1928 rus
321 1890 362 1928 et
395 1887 570 1928 comites
603 1891 645 1928 et
674 1889 744 1929 via
774 1889 904 1944 longa
936 1889 1072 1941 dabit3

70 1943 159 1985 Nec
192 1944 297 1985 satis
329 1959 419 1985 esse
450 1949 573 2010 putes
605 1946 834 1987 discedere.
866 1947 1006 1987 lentus
1039 1947 1207 2003 abesto,

128 2002 242 2043 Dum
255 2002 421 2068 'perdat
452 2003 561 2044 vires
593 2004 731 2058 sitque
763 2004 852 2045 sine
883 2004 982 2060 igne
1013 2004 1138 2060 cinis3

0 2070 51 2095 ‘³45
71 2059 192 2108 Quod
221 2060 305 2101 nisi
335 2060 505 2102 firmata
534 2062 773 2115 properaris
804 2066 944 2104 mente
976 2063 1150 2119 reverti,

127 2117 287 2159 Inferet
318 2133 435 2160 arma
465 2119 545 2159 tibi
577 2134 702 2160 saeva
732 2120 902 2161 rebellis
934 2121 1085 2176 Amor·

71 2174 283 2229 Quidquid
313 2178 355 2217 et
387 2177 560 2231 afueris,
591 2178 738 2219 avidus
771 2178 1001 2233 sitiensque
1031 2155 1206 2235 redibis,

127 2233 186 2273 Et
217 2233 403 2288 spatium
434 2210 588 2276 damiio
621 2236 794 2277 cesserit
827 2251 950 2278 omne
981 2238 1074 2278 tuo!

70 2290 254 2345 Viderit,
284 2291 544 2334 Haemoniae
577 2293 708 2347 siquis
739 2294 851 2336 111313
881 2295 1038 2349 pabula
1068 2298 1205 2338 terrae

1 2358 52 2384 250
127 2348 185 2389 Et
217 2325 403 2405 niagicas
435 2354 546 2392 artes
578 2366 702 2406 posse
733 2352 878 2394 iuvare
908 2357 1048 2408 putat:

16 625 32 650 w
