1674 2662
334 174 379 210 V.
408 173 603 209 OENONE
631 182 793 209 isa—153.
842 172 902 207 VI.
928 171 1194 206 HYPSIPYLE
1221 181 1328 206 1—34.
1437 170 1489 210 91

590 265 856 301 HYPSIPYLE
882 264 1052 299 IASONI.

43 331 103 367 VI.
123 328 376 381 *[Lemnias
410 327 665 381 Hypsipyle,
696 325 853 367 Bacchi
893 339 1044 381 genus,
1076 326 1244 365 Aesone
1275 326 1376 364 nato

218 386 353 440 Dicit,
385 389 426 426 et
457 386 502 426 in
533 385 674 426 verbis
705 399 803 438 pars
838 387 967 437 quota
1000 383 1154 424 mentis
1187 385 1275 423 erat
1287 384 1349 434 :]*

158 444 307 485 Litora
339 443 582 484 Thessaliae
614 443 758 484 reduci
789 442 983 497 tetigisse
1017 441 1159 482 carina

218 502 382 543 Diceris
416 505 587 542 auratae
620 501 772 550 vellere
805 500 919 541 dives
955 499 1055 540 ovis.

161 559 363 602 Gratulor
394 559 617 613 incolumi,
649 562 854 612 quantum
887 558 1008 610 sinis,
1039 558 1119 598 hoc
1152 560 1295 598 tamen
1326 556 1420 610 ipsa

218 618 460 660 Debueram
493 618 651 672 scripto
679 617 833 658 certior
865 631 956 657 esse
989 619 1074 656 tuo.

125 687 141 712 5
161 676 273 718 Nam
302 691 354 717 ne
386 679 512 730 pacta
543 676 623 717 tibi
655 678 823 729 praeter
854 689 946 715 mea
978 688 1109 728 regna
1141 673 1317 726 redires,

220 734 327 776 Cum
359 749 553 788 cuperes,
582 738 731 775 ventos
763 747 851 774 non
881 732 1082 773 habuisse
1114 735 1248 785 potes.

161 792 403 842 Quamlibet
437 793 612 833 adverso
645 792 838 846 signetur
870 790 1052 844 epistula
1084 794 1228 830 vento:

218 851 455 905 Hypsipyle
487 851 617 891 missa
650 850 778 904 digna
810 849 946 890 salute
978 848 1052 888 fui.

163 908 248 950 Cur
280 909 385 949 mihi
415 908 530 949 fama
560 908 678 962 prior
710 908 759 948 de
791 910 833 947 te
867 921 994 961 quam
1025 906 1169 946 littera
1201 905 1334 946 venit:

110 978 143 1002 10
220 967 310 1008 Isse
343 981 485 1008 sacros
517 966 668 1006 Martis
702 965 779 1006 sub
811 965 912 1019 iuga
944 964 1083 1018 panda
1114 964 1262 1016 boves,

164 1024 406 1066 Seminibus
438 1024 562 1065 iactis
595 1027 760 1078 segetes
793 1023 982 1064 adolesse
1014 1022 1203 1062 virorum

220 1083 353 1137 Inque
385 1097 531 1124 necem
563 1083 710 1123 dextra
741 1095 828 1122 non
859 1081 1027 1136 eguisse
1059 1083 1154 1133 tua,

161 1141 419 1196 Pervigilem
452 1140 636 1195 spolium
666 1139 839 1194 pecudis
872 1153 1060 1180 servasse
1094 1138 1338 1189 draconem,

221 1199 363 1253 Rapta
393 1202 539 1240 tamen
568 1198 670 1239 forti
700 1197 856 1238 vellera
887 1197 1003 1237 fulva
1035 1195 1192 1237 manu?

113 1268 144 1293 15
163 1257 280 1299 Haec
313 1271 392 1312 ego
426 1257 461 1297 si
491 1271 663 1310 possem
694 1255 841 1296 timide
875 1254 1144 1296 credentibus
1178 1254 1276 1295 ista

222 1316 319 1370 Ipse
351 1315 457 1356 mihi
489 1313 674 1368 scripsit⁹
708 1314 863 1367 dicere,
894 1316 1053 1366 quant-a
1083 1312 1235 1352 forem!

166 1374 275 1423 Quid
307 1387 460 1427 queror
492 1372 681 1413 officium
712 1371 818 1412 lenti
850 1385 1036 1411 cessasse
1069 1370 1241 1410 mariti?

223 1431 503 1485 Obsequium,
534 1444 684 1471 maneo
718 1430 753 1471 si
785 1433 877 1483 tua,
911 1428 1066 1483 grande
1099 1427 1196 1468 tuli!

165 1491 355 1531 Barbara
386 1492 586 1530 narratur
617 1488 782 1529 venisse
814 1463 1001 1528 venefica
1032 1490 1192 1539 tecum,

114 1559 148 1584 20
224 1548 277 1589 In
309 1547 415 1589 1111111
445 1547 646 1602 promissi
677 1550 798 1600 parte
829 1548 999 1599 recepta
1030 1544 1126 1585 tori.

167 1606 346 1648 Credula
378 1621 445 1647 res
478 1620 598 1647 amor
630 1609 710 1646 est:
743 1604 909 1644 utinam
940 1602 1165 1643 temer-mia
1199 1601 1313 1643 dicar

226 1664 486 1706 Criminibus
517 1663 637 1704 falsis
668 1662 938 1703 insimulasse
965 1661 1118 1701 virum!

167 1722 315 1777 Nuper
347 1723 399 1763 ab
432 1721 682 1763 Haemoniis
714 1721 870 1774 hospes
901 1719 1007 1760 mihi
1039 1718 1266 1759 Thessalus
1303 1718 1387 1758 oris

226 1781 430 1834 Venerat,
462 1784 503 1821 et
535 1783 699 1821 tactum
729 1779 800 1819 vix
830 1779 937 1819 bene
968 1778 1099 1818 limen
1131 1780 1238 1829 erat,

116 1849 150 1875 25
169 1838 434 1881 ‘Aesonides’
468 1838 554 1878 dixi
587 1837 703 1891 ‘quid
735 1837 825 1891 agit
857 1835 1020 1877 meus?
1052 1835 1123 1875 ille
1155 1834 1314 1888 pudore

227 1897 379 1938 Haesit
409 1897 455 1937 in
487 1895 684 1960 opposita
715 1895 876 1935 lumina
908 1894 1016 1934 fixus
1048 1893 1191 1933 humo.

170 1955 373 1997 Protinus
406 1954 535 1996 exilui
566 1953 807 2006 tunicisque
841 1967 864 1993 a
895 1955 1066 2006 pectore
1098 1950 1235 2005 ruptis

229 2013 393 2054 ‘Viviffl
425 2012 493 2053 an'
528 2010 760 2052 exclamo
765 2025 832 2051 me
865 2024 1031 2063 quoque
1057 2009 1147 2049 fata
1177 2008 1375 2050 vocant?’

172 2071 323 2112 ‘Vivit’
356 2071 434 2112 ait:
465 2070 746 2122 timidumque
779 2067 884 2108 mihi
915 2067 1055 2114 iurare
1088 2067 1225 2122 coegi:

118 2141 152 2166 30
228 2128 314 2169 Vix
344 2115 450 2169 1111111
481 2131 590 2169 teste
623 2127 700 2167 deo
733 2126 893 2168 credita
923 2126 1011 2166 vita
1043 2128 1170 2166 tuast.

174 2186 333 2240 [thue
367 2186 533 2227 animus
564 2185 709 2237 rediit,
740 2187 813 2225 tua
835 2183 958 2229 ‚facta
990 2183 1202 2237 requirere
1236 2183 1366 2237 coepi.

230 2244 389 2286 Narrat
421 2243 636 2298 aeripedes
662 2242 813 2283 Martis
846 2255 987 2282 arasse
1019 2241 1167 2295 boves,

173 2302 381 2357 Vipereos
412 2302 559 2343 dentes
590 2301 636 2341 in
666 2300 844 2341 humum
874 2314 951 2353 pro
984 2299 1143 2340 semine
1173 2299 1330 2351 iactos,

232 2361 291 2402 Et
324 2360 466 2402 subito
498 2363 623 2401 natos
657 2373 773 2400 arma
804 2358 954 2399 tulisse
985 2357 1116 2399 viros:
