1690 2656
258 121 314 163 48
811 121 1051 156 AMORUM

207 229 239 255 25
261 216 343 258 Sed
373 217 555 258 nimium
588 217 770 258 demissa
800 216 942 258 iacent
973 216 1053 257 tibi
1085 217 1216 271 pallia
1246 220 1377 259 terra:

319 274 500 331 Collige!
533 276 598 317 vel
631 275 777 330 digitis
810 290 863 315 en
894 289 973 330 ego
1006 275 1111 317 tollo
1144 275 1262 317 meis.

258 333 408 375 Invida
440 334 570 375 vestis
603 348 715 388 eras,
748 348 854 386 quae
886 336 976 374 tam
1008 334 1121 375 bona
1153 348 1276 375 crura
1307 335 1503 390 tegebas3

318 392 494 446 Quoque
527 392 664 447 magis
698 394 862 446 spectes
894 416 942 421 -
970 391 1115 434 invida
1146 392 1276 434 vestis
1310 407 1413 434 eras.

258 450 377 492 Talia
408 450 616 491 Milanion
647 450 873 491 Atalantes
907 465 1030 492 crura
1061 451 1227 506 fugacis

205 521 239 545 30
318 508 494 563 Optavit
527 508 723 550 inanibus
757 509 1011 550 sustinuisse
1044 509 1150 565 suis,

257 567 377 608 Talia
408 567 646 622 pinguntur
679 567 919 609 succinctae
952 582 1075 609 crura
1106 567 1288 622 Dianae,

317 624 424 666 Cum
457 625 650 680 sequitur
681 626 814 667 fortes
847 625 1002 667 fortior
1032 626 1127 680 ipsa
1158 627 1281 668 feras.

256 683 336 725 His
369 698 448 739 ego
480 698 567 725 non
599 684 700 725 visis
735 684 837 739 arsi,
870 684 971 738 quid
1001 685 1076 726 fiet
1108 686 1160 726 ab
1192 685 1327 739 ipsis?

315 742 366 782 In
397 743 614 784 flammam
646 743 858 797 flammas,
888 743 933 783 in
965 757 1080 784 mare
1112 744 1255 785 fundis
1288 758 1429 798 aquas⁴

203 812 237 837 35
258 799 461 855 Suspicor
493 816 543 842 ex
574 801 669 842 istis
703 804 745 843 et
777 805 918 843 cetera
948 817 1073 856 posse
1105 803 1290 857 placere,

317 858 432 908 Quae
464 860 571 901 bene
604 860 682 900 sub
714 860 833 901 tenui
866 860 1037 901 condita
1068 864 1184 902 veste
1217 862 1364 902 latent.

256 918 334 960 Vis
366 921 511 959 tamen
542 918 706 959 interea
736 918 883 960 fac-iles
916 933 1126 960 arcessere
1158 920 1337 960 ventos?

315 975 430 1024 Quos
462 976 592 1018 faciet
623 980 774 1018 nostra
806 980 924 1018 mota
956 977 1116 1018 tabella
1149 993 1290 1019 manu.

255 1034 324 1076 An
356 1034 493 1089 magis
525 1035 595 1076 hic
628 1050 746 1076 meus
780 1039 844 1076 est
876 1035 1026 1090 animi,
1056 1050 1143 1076 non
1176 1036 1284 1077 aeris
1318 1041 1479 1091 aestus,

202 1103 237 1129 40
316 1091 534 1147 Captaque
566 1093 774 1134 femineus
806 1097 981 1148 pectora
1012 1097 1148 1136 torret
1181 1095 1329 1136 amor‘.>

254 1150 369 1192 Dum
400 1151 571 1206 loquor,
603 1153 700 1193 alba
730 1152 813 1193 levi
846 1156 1037 1207 sparsast
1068 1153 1149 1194 tibi
1180 1154 1353 1207 pulvere
1385 1154 1534 1195 vestis:

315 1209 491 1251 Sordide
524 1210 573 1251 de
604 1210 728 1251 niveo
762 1225 938 1264 corpore
969 1211 1109 1265 pulvis
1143 1212 1228 1252 abi!

254 1266 336 1309 Sed
367 1268 453 1309 iam
483 1283 642 1323 pompa
672 1269 805 1310 venit:
838 1269 997 1324 linguis
1031 1270 1268 1324 animisque
1299 1270 1455 1312 favete!

310 1326 495 1381 Tempus
529 1328 649 1368 adest
679 1327 872 1382 plausus:
905 1342 1034 1369 aurea
1063 1343 1222 1383 pompa
1252 1329 1380 1370 venit.

198 1394 233 1420 45
252 1384 398 1425 Prima
428 1385 522 1427 loco
555 1385 690 1426 fertur
720 1386 858 1440 passis
891 1385 1087 1428 Victoria
1116 1388 1275 1441 pinnis:

310 1443 406 1484 Huc
439 1444 536 1485 ades
571 1447 613 1485 et
644 1459 762 1485 meus
794 1444 863 1486 hic
895 1444 980 1499 fac,
1012 1446 1110 1500 dea,
1141 1446 1283 1487 vincat
1316 1448 1451 1488 amor!

250 1500 446 1542 Plaudite
478 1501 700 1557 Neptuno,
731 1503 912 1544 nimium
944 1504 1017 1557 qui
1049 1504 1220 1545 creditis
1252 1505 1392 1546 undis!

310 1558 383 1600 Nil
415 1560 521 1601 mihi
554 1576 646 1602 cum
681 1561 854 1616 pelago,
885 1576 951 1602 me
984 1577 1078 1603 mea
1110 1566 1223 1604 terra
1255 1564 1379 1617 capit.

250 1616 409 1659 Plaude
442 1622 517 1659 tuo
549 1618 698 1673 Marti,
729 1620 868 1661 miles!
900 1634 978 1661 nos
1013 1621 1178 1662 odimus
1210 1636 1344 1662 arma:

196 1686 231 1711 50
307 1675 397 1717 Pax
428 1677 548 1718 iuvat
581 1681 623 1718 et
655 1678 793 1718 media
824 1693 927 1732 pace
959 1682 1152 1733 repertus
1185 1695 1313 1721 amor.

249 1734 498 1790 Auguribus
531 1734 749 1789 Phoebus,
779 1736 951 1777 Phoebe
983 1738 1238 1779 venantibus
1272 1739 1400 1793 adsit,

306 1793 507 1835 Artifices
538 1794 584 1834 in
615 1797 656 1835 te
688 1797 823 1849 verte,
854 1794 1065 1851 Minerva,
1096 1812 1265 1852 manus,

247 1850 475 1893 Ruricolae
508 1850 652 1894 Cereri
684 1856 914 1907 teneroque
947 1855 1165 1909 adsurgite
1196 1855 1384 1911 Baccho,

305 1908 525 1952 Pollucem
555 1911 742 1966 pugiles,
774 1910 954 1953 Castora
984 1913 1125 1966 placet
1156 1915 1300 1967 eques!

193 1976 227 2003 55
246 1966 338 2008 Nos
370 1968 469 2022 tibi,
500 1969 657 2010 blanda
687 1969 853 2025 Venus,
882 1971 1109 2026 puerisque
1140 1972 1389 2026 potentibus
1422 1987 1521 2014 arcu

303 2024 570 2068 Plaudimus:
600 2028 781 2083 inceptis
815 2029 969 2084 adnue,
1001 2030 1114 2084 diva,
1145 2031 1249 2072 meis

245 2083 396 2137 Daque
427 2099 561 2127 novae
594 2090 781 2128 mentem
814 2087 1024 2129 dominae!
1056 2089 1247 2143 patiatur
1278 2089 1426 2130 amari!

304 2142 469 2183 Adnuit
501 2146 543 2184 et
575 2148 695 2186 motu
728 2145 851 2200 signa
883 2147 1067 2188 secunda
1099 2147 1223 2188 dedit.

246 2198 368 2248 Quod
401 2201 478 2241 dea
508 2203 724 2257 promisit,
754 2205 984 2257 promittas
1015 2205 1128 2259 ipsa,
1159 2220 1377 2261 rogamus:

193 2269 227 2294 60
304 2257 414 2300 Pace
445 2259 596 2313 loquar
628 2260 825 2316 Veneris,
857 2266 905 2303 tu
938 2263 1014 2304 dea
1047 2264 1183 2305 maior
1215 2264 1308 2305 eris.

244 2315 326 2357 Per
356 2316 437 2358 tibi
470 2320 537 2359 tot
566 2318 660 2359 iuro
694 2323 824 2361 testes
856 2335 1142 2376 pompamque
1175 2322 1366 2376 deorum,
