1674 2662
395 168 540 202 XVIIII.
569 167 677 213 [XX]
704 166 977 202 ACONTIUS
1003 177 1147 202 66—139.
1351 167 1432 208 163

98 262 237 303 Testis
271 266 313 302 et
344 262 555 315 Actaeon,
588 262 800 315 quondam
831 261 921 302 fera
953 261 1136 303 creditus
1167 261 1271 315 illis,

157 320 252 374 Ipse
285 319 399 360 dedit
430 319 517 360 leto
550 334 645 360 cum
678 320 830 373 quibus
864 322 961 360 ante
992 319 1120 373 feras,

29 390 78 415 105
99 377 296 431 Quaeque
330 378 512 431 superba
542 391 694 431 parens
728 392 828 418 saxo
859 392 934 431 per
965 391 1118 432 corpus
1151 377 1304 418 oborto

156 434 281 476 Nunc
314 449 481 489 quoque
513 434 745 489 Mygdonia
775 435 928 476 flebilis
961 435 1103 476 adstat
1133 436 1280 476 humo!

97 493 150 534 Ei
183 493 303 533 mihi!
337 491 544 547 Cydippe,
574 493 704 534 timeo
737 493 817 533 tibi
849 493 986 534 dicere
1017 508 1182 547 verum,

156 550 221 591 Ne
253 551 397 591 videar
429 565 555 592 causa
587 550 695 591 falsa
726 565 896 591 monere
929 565 1038 605 mea3

97 608 334 650 Dicendum
360 612 503 649 tamen
529 611 610 649 est:
642 608 740 662 hoc,
771 612 837 662 tu,
868 608 973 649 mihi
998 609 1137 663 crede,
1169 609 1280 662 quod
1306 623 1433 663 aegra

27 678 77 703 110
156 667 254 719 Ipso
286 666 472 706 nubendi
505 669 695 720 tempore
728 681 851 720 saepe
882 666 1013 720 iaces,

98 723 293 765 Consulit
322 724 416 778 ipsa
447 724 544 776 tibi,
575 738 657 765 neu
690 724 747 765 sis
778 724 966 778 periura,
996 725 1164 765 laborat

155 782 213 822 Et
245 781 406 822 salvam
439 781 555 822 salva
585 786 627 822 te
660 782 777 835 cupit
809 796 899 823 esse
930 782 1028 823 fide:

96 839 199 880 Inde
230 839 298 893 fit,
328 843 394 893 ut,
427 840 622 892 quotiens
653 840 832 880 existere
863 840 1024 893 perfida
1054 842 1257 894 temptas,

154 896 382 938 Peccatum
412 897 570 937 totiens
604 897 790 951 corrigat
821 898 895 938 illa
926 901 1059 938 tuum.

26 966 76 991 115
95 953 226 995 Parce
258 967 426 995 movere
458 955 569 995 feros
603 955 818 995 animosae
849 955 1027 1009 virginis
1060 970 1198 996 arcus:

153 1011 272 1052 Mitis
305 1012 440 1052 adhuc
470 1012 580 1066 fieri,
612 1012 647 1052 si
678 1012 860 1066 patiare,
889 1016 1050 1067 potest3

93 1069 243 1123 Parce,
273 1083 440 1123 precor,
471 1073 640 1110 teneros
673 1084 940 1124 corrumpere
972 1070 1163 1111 febribus
1196 1075 1329 1112 artus:

155 1126 352 1168 Servetur
383 1127 512 1168 facies
545 1128 628 1168 ista
659 1127 836 1169 fruenda
867 1128 990 1182 mihj3

97 1183 326 1226 Serventur
355 1185 498 1225 vultus
531 1186 583 1226 ad
613 1189 761 1226 nostra
791 1186 986 1227 incendia
1016 1187 1125 1239 nati,

25 1254 75 1279 120
154 1242 317 1296 Quique
350 1243 496 1283 subest
526 1243 648 1284 m’veo
680 1243 787 1284 lenis
818 1244 863 1283 in
896 1258 966 1284 ore
998 1245 1138 1285 rubor.

94 1300 305 1340 Hostibus
338 1304 380 1341 et
412 1300 564 1353 siquis,
593 1315 646 1341 ne
677 1301 754 1341 fias
786 1304 952 1355 nostra,
982 1305 1210 1356 repugnat,

155 1357 223 1399 Sic
257 1358 332 1412 sit,
362 1361 410 1398 ut
440 1358 627 1399 invalida
658 1361 700 1399 te
733 1358 841 1399 solet
873 1373 964 1399 esse
996 1359 1118 1400 mihi!

95 1415 312 1469 Torqueor
343 1430 394 1456 ex
426 1430 559 1469 aequo
591 1416 658 1456 vel
689 1419 731 1457 te
761 1416 947 1457 nubente
979 1417 1046 1457 vel
1077 1432 1205 1472 aegra

152 1473 303 1514 Dicere
334 1487 410 1514 nec
441 1487 635 1527 possum,
667 1474 767 1527 quid
799 1475 938 1515 minus
970 1475 1060 1527 ipse
1092 1475 1237 1530 velim3

25 1543 74 1568 125
94 1530 286 1572 Maceror
316 1531 548 1584 interdum,
579 1532 691 1584 quod
724 1532 804 1572 sim
835 1532 916 1572 tibi
948 1547 1075 1573 causa
1107 1533 1292 1588 dolendi,

153 1588 294 1642 Teque
327 1604 421 1630 mea
451 1589 562 1630 laedi
595 1589 826 1630 calliditate
858 1593 979 1643 puto:

94 1647 145 1687 In
175 1650 302 1700 caput
333 1649 382 1687 ut
413 1650 609 1688 nostrum
641 1648 835 1688 dominae
866 1647 1051 1701 periuria
1084 1662 1239 1701 quaeso

152 1704 382 1757 Eveniant,
411 1719 549 1758 poena
579 1708 674 1746 tuta
706 1705 762 1746 sit
791 1705 866 1745 illa
896 1707 1006 1747 mea!

95 1761 160 1802 Ne
192 1764 336 1802 tamen
366 1762 578 1817 ignorem,
610 1763 710 1816 quid
743 1777 863 1817 agas,
899 1764 950 1804 ad
982 1763 1130 1805 limina
1161 1765 1308 1805 crebro

25 1831 76 1856 130
152 1819 316 1860 Anxius
347 1819 428 1860 huc
461 1820 561 1861 illuc
593 1820 910 1861 dissimulanter
941 1835 1008 1874 eo3

97 1875 341 1931 Subsequor
372 1877 570 1918 ancillam
600 1878 750 1919 furtim
780 1855 1071 1932 famulumque
1103 1880 1339 1935 requirens,

152 1934 397 1975 Profuerint
428 1935 567 1976 somni
599 1935 699 1988 quid
729 1936 810 1976 tibi
842 1936 993 1989 quidve
1027 1937 1121 1977 cibi.

93 1992 161 2032 Me
193 1992 412 2046 miseium,
445 1993 556 2046 quod
586 2007 673 2033 non
703 1993 963 2034 medicorum
993 1995 1110 2035 iussa
1140 1996 1336 2038 ministro

151 2049 415 2115 Effingoque·
434 2065 583 2091 manus
615 2050 861 2104 insideoque
892 2053 1006 2092 toro!

24 2118 74 2143 135
95 2107 151 2147 Et
182 2121 329 2148 rursus
360 2108 580 2159 miserum,
612 2109 723 2162 quod
755 2123 821 2149 me
852 2110 999 2163 procul
1030 2110 1126 2152 inde
1157 2115 1339 2166 remoto,

153 2163 286 2212 Quem
317 2165 489 2206 minime
521 2165 689 2220 vellem,
725 2166 907 2207 forsitan
938 2167 1044 2209 alter
1076 2169 1213 2210 adest!

93 2221 169 2263 Ille
202 2237 351 2263 manus
382 2223 488 2264 istas
521 2223 687 2278 effingit
718 2227 761 2265 et
792 2225 954 2266 adsidet
987 2240 1137 2281 aegrae

151 2280 317 2321 Invisus
350 2281 512 2335 superis
545 2296 641 2322 cum
673 2282 918 2336 superisque
949 2284 1072 2338 mihi,

94 2337 288 2393 Dumque
322 2353 398 2379 suo
430 2342 613 2393 temptat
646 2340 866 2381 salientem
896 2341 1049 2395 pollice
1080 2357 1248 2398 venam,

1072 2411 1139 2444 11*

0 1011 2 1043 ,¹
