1674 2662
374 175 520 209 XVIIII.
549 175 660 221 [XX]
689 174 967 209 ACONTIUS
995 185 1154 210 140—213.
1349 175 1431 215 165

94 269 228 318 Quem
260 269 296 310 si
328 269 582 323 reppuleris,
612 284 708 321 nec,
741 284 867 324 quem
898 269 975 310 dea
1007 269 1199 324 damnat,
1230 269 1403 323 amaris,

151 326 229 382 (Et
259 331 363 368 tuno
395 328 597 368 continuo
631 331 744 368 certe
777 342 856 382 ego
891 327 1031 368 salvus
1064 326 1155 383 ero)

94 384 206 427 Siste
237 389 417 440 metum,
447 385 585 440 virgo!
626 385 771 426 stabili
801 385 965 439 potiere
997 385 1152 440 salute,

22 456 74 481 180
150 443 236 484 Fac
267 444 394 484 modo
424 443 607 497 polliciti
638 443 808 484 conscia
839 443 999 497 templa
1030 444 1162 484 colas:

91 500 191 542 Non
222 502 330 542 bove
362 504 548 542 mactato
582 501 987 542 caelestia-numina
1019 502 1223 556 gaudent,

152 558 251 613 Sed,
284 573 390 612 quae
422 559 721 613 praestandast
752 562 795 600 et
828 559 917 600 sine
948 561 1079 612 teste,
1109 561 1202 600 fide.

92 617 152 659 Ut
183 617 352 658 valeant
384 617 510 671 aliae,
540 617 699 658 ferrum
730 617 953 671 patiuntur
985 621 1027 658 et
1057 618 1199 673 ignes,

149 675 252 716 Fert
284 675 378 716 aliis
410 675 580 716 tristem
612 690 736 716 sucus
769 690 937 716 amarus
971 690 1111 730 opem:

21 745 71 770 185
92 733 166 774 Nil
199 747 304 787 opus
337 736 403 774 est
433 733 548 787 istis3
580 737 749 774 tantum
779 733 968 787 periuria
997 734 1087 774 vita

149 791 292 844 Teque
326 791 452 831 simul
485 806 603 832 serva
635 806 785 846 meque
811 792 1038 845 datamque
1070 792 1213 833 fidem!

89 849 351 890 Praeteritae
382 850 550 890 veniam
582 849 700 890 dabit
731 849 976 904 ignorantia
1008 851 1172 905 culpae:

149 907 407 948 Exciderant
441 907 582 947 animo
613 907 785 948 foedera
814 908 925 948 lecta
956 911 1050 962 tuo,

90 965 324 1005 Admonita
355 979 398 1005 es
430 965 556 1005 modo
587 979 689 1006 voce
721 979 815 1006 mea
846 966 972 1006 modo
1005 965 1174 1006 casibus
1205 966 1322 1021 istis,

19 1035 72 1059 190
150 1022 284 1077 Quos,
316 1022 512 1076 quotiens
544 1026 729 1076 temptas
761 1023 926 1077 fallere,
956 1023 1066 1064 ferre
1100 1024 1222 1065 soles.

89 1080 169 1121 His
202 1095 369 1134 quoque
401 1081 546 1122 vitatis
578 1081 623 1121 in
653 1085 780 1135 partu
809 1096 961 1135 nempe
993 1082 1185 1137 rogabis,

146 1137 207 1179 Ut
238 1139 319 1179 tibi
350 1139 550 1179 luciferas
583 1139 746 1180 adferat
776 1139 852 1180 illa
884 1154 1054 1194 manus,

91 1197 248 1237 Audiet
277 1196 399 1238 haec:
432 1200 646 1251 repetens,
678 1211 783 1251 quae
817 1201 916 1238 sunt
942 1198 1104 1253 audita,
1135 1198 1342 1253 requiret,

148 1254 235 1295 Iste
267 1254 347 1295 tibi
379 1255 428 1295 de
461 1269 543 1308 quo
577 1256 756 1310 coniuge
786 1259 935 1309 partus
967 1260 1052 1311 eat3

19 1324 70 1350 195
89 1312 323 1353 Promittes
350 1316 514 1353 votum:
547 1313 627 1353 scit
657 1316 700 1353 te
731 1313 982 1367 promittere
1013 1314 1141 1369 falso3

146 1370 333 1411 Iurabis:
374 1371 454 1412 scit
486 1374 528 1411 te
559 1371 706 1411 fallere
737 1385 863 1424 posse
895 1372 1007 1412 deos.

91 1427 192 1469 Non
223 1428 367 1483 agitur
399 1429 448 1470 de
481 1444 566 1484 me,
599 1443 698 1470 cura
729 1429 889 1470 maiore
920 1430 1088 1470 laboro:

147 1487 288 1527 Anxia
320 1490 419 1527 sunt
451 1487 563 1527 vitae
595 1490 770 1541 pectora
799 1491 949 1528 nostra
980 1491 1090 1528 tuae.

89 1543 175 1586 Cur
205 1545 331 1585 modo
363 1548 405 1585 te
437 1545 610 1585 dubiam
641 1545 784 1599 pavidi
815 1545 967 1586 flevere
1001 1549 1218 1600 parentes,

18 1616 70 1640 200
146 1603 324 1658 Ignaros
358 1603 505 1656 culpae
538 1617 644 1656 quos
675 1604 781 1644 facis
814 1618 904 1644 esse
936 1604 1064 1644 tuae?

88 1661 147 1702 Et
178 1675 251 1702 cur
280 1661 509 1715 ignorent?
552 1662 681 1702 matri
712 1662 812 1702 licet
844 1662 987 1703 omnia
1016 1677 1180 1703 narres:

146 1717 221 1759 Nil
252 1722 345 1772 tua,
377 1717 583 1773 Cydippe,
613 1719 728 1760 facta
757 1720 932 1774 pudoris
962 1720 1134 1761 habent.

89 1776 244 1817 Ordine
276 1776 342 1817 fac
375 1777 551 1831 referas,
582 1781 630 1818 ut
662 1778 720 1818 sis
753 1777 857 1818 mihi
891 1778 1064 1833 cognita
1094 1779 1293 1832 primum,

149 1833 277 1875 Sacra
307 1834 578 1888 pharetratae
610 1835 710 1876 dum
740 1835 845 1877 facit
874 1836 969 1890 ipsa
1000 1836 1119 1890 deae,

18 1905 69 1929 205
89 1891 150 1933 Ut
181 1896 223 1933 te
256 1896 484 1946 conspecta
516 1893 677 1947 subito,
709 1894 745 1934 si
776 1894 886 1934 forte
918 1894 1098 1948 notasti,

146 1950 397 1991 Restiterim
427 1950 523 1990 fixis
554 1950 598 1990 in
631 1954 705 1991 tua
736 1952 928 1992 membra
960 1952 1098 2006 genis,

88 2008 163 2062 Et,
193 2011 235 2049 te
268 2008 368 2048 dum
397 2008 578 2049 nimium
609 2009 759 2063 miror,
787 2013 892 2050 nota
923 2013 1039 2050 certa
1069 2010 1246 2065 furoris,

146 2066 393 2106 Deciderint
423 2066 582 2106 umeris
613 2067 743 2120 pallia
773 2067 894 2121 lapsa
924 2067 1049 2122 meis3

87 2124 320 2165 Postmodo
351 2124 494 2165 nescio
527 2138 610 2177 qua
641 2125 805 2165 venisse
837 2125 1023 2166 volubile
1054 2126 1234 2182 malum,

17 2194 68 2219 210
145 2181 289 2223 Verba
319 2181 459 2222 ferens
491 2182 628 2223 doctis
659 2182 863 2224 insidiosa
893 2183 1026 2238 notis,

89 2240 209 2288 Quod
241 2239 340 2293 quia
372 2239 428 2280 sit
459 2240 618 2281 lectum
650 2244 796 2282 sancta
817 2244 1048 2295 'praesente
1078 2241 1236 2298 Diana,

144 2298 252 2339 Esse
283 2301 403 2338 tuam
433 2298 621 2339 vinctam
650 2299 823 2339 numine
855 2302 965 2340 teste
995 2300 1133 2341 fidem.

87 2355 152 2397 Ne
183 2360 328 2397 tamen
357 2355 545 2410 ignoret,
577 2356 725 2411 scripti
757 2357 967 2399 sententia
999 2372 1105 2412 quae
1138 2358 1212 2413 sit,
