1690 2656
224 141 250 180 2
781 146 1016 181 AMORUM

168 246 201 270 20
281 234 370 276 Aut
401 252 506 290 puer
539 242 612 279 aut
645 239 795 294 longas
829 245 1000 295 compta
1030 243 1171 296 puella
1203 246 1373 288 comas.³

223 291 406 341 Questus
441 310 574 349 eram,
606 297 807 350 pharetra
839 314 934 340 cum
966 301 1160 354 protinus
1193 303 1264 344 ille
1298 305 1440 347 soluta

280 350 406 406 Legit
438 353 483 393 in
515 355 691 395 exitium
724 356 887 409 spicula
919 358 1033 399 facta
1064 374 1205 400 meum

220 408 488 463 Lunavitque
521 426 631 466 genu
665 413 883 455 sinuosum
916 415 1086 458 fortiter
1117 433 1261 460 arcum

280 466 432 515 ‘Quod'
467 483 545 522 que
579 469 739 525 ‘canas,
770 476 908 527 vates,
940 475 1097 529 aecipe’
1130 476 1237 518 dixit
1269 477 1423 532 eopus?

167 535 200 560 25
221 523 288 565 Me
320 526 538 567 miserum!
573 532 708 569 certas
741 530 893 572 habuit
924 547 1028 586 puer
1058 533 1129 575 1110
1162 535 1361 590 sagittas:

279 581 407 637 Uror,
440 588 481 625 et
512 585 557 625 in
588 601 720 628 vacuo
752 593 924 642 pectore
956 595 1108 646 regnat
1139 592 1284 634 Amor.

222 638 302 680 Sex
335 642 440 682 mihi
472 647 621 698 surgat
653 659 759 699 opus
791 648 997 702 numeris,
1027 649 1072 690 in
1104 651 1288 704 quinque
1321 653 1497 695 residat:

278 698 429 740 Ferrea
462 716 558 742 cum
589 704 742 744 vestris
775 705 886 746 bella
918 707 1055 748 valete
1088 709 1242 750 modis!

219 754 398 811 Cingere
429 759 581 800 litorea
613 761 813 804 flaventia
844 768 1038 818 tempora
1070 770 1230 820 myrto,

165 826 198 849 30
276 814 408 869 Musa,
439 832 514 870 1101·
545 819 735 861 1111(101103
768 823 1049 864 emodulanda
1080 825 1224 878 pedes!

158 933 199 966 II.
215 930 321 971 Esse
349 932 449 985 quid
474 934 554 975 hoc
582 936 731 989 dicam,
757 938 868 990 quod
895 941 984 979 tam
1011 940 1116 980 1111111
1143 941 1247 982 dura
1273 942 1470 984 videntur

276 988 438 1045 Strata,
467 1006 602 1047 neque
634 994 678 1034 in
710 995 821 1036 lecto
853 997 983 1050 pallia
1014 1002 1163 1039 nostra
1196 1000 1361 1056 sedent,

214 1046 272 1087 Et
304 1062 462 1090 vacuus
495 1064 643 1092 somno
676 1057 863 1107 noctem,
895 1069 1022 1108 quam
1054 1056 1200 1112 longa,
1230 1059 1395 1114 peregi,

273 1104 489 1160 Lassaque
521 1110 678 1150 versati
710 1112 898 1165 corporis
933 1128 1028 1154 ossa
1061 1115 1234 1156 dolent?

178 1174 192 1198 3
214 1162 344 1217 Nam,
374 1169 496 1219 puto,
530 1168 748 1218 sentirem,
782 1170 903 1223 siquo
936 1174 1169 1226 temptarer
1201 1189 1355 1216 amore.

270 1221 339 1262 An
372 1224 487 1264 subit
519 1228 560 1265 et
593 1229 707 1267 tecta
740 1228 915 1269 callidus
949 1234 1039 1271 arte
1071 1232 1226 1273 nocet?

214 1277 281 1320 Sic
314 1280 411 1321 erit:
444 1282 672 1325 haeserunt
703 1288 851 1327 tenues
882 1287 927 1327 in
960 1289 1084 1330 corde
1117 1290 1320 1346 sagittae,

269 1337 327 1378 Et
357 1353 554 1392 possessa
585 1342 700 1383 ferus
731 1347 905 1397 pectora
937 1350 1079 1388 versat
1110 1348 1255 1390 Amor.

211 1393 409 1437 Cedimus
441 1412 494 1438 an
528 1399 717 1442 subitum
749 1402 949 1444 luctando
983 1406 1250 1462 accendimus
1282 1408 1457 1463 ignem?

157 1465 189 1489 10
268 1452 493 1496 Cedamus!
526 1457 616 1499 leve
648 1459 715 1513 fit,
747 1461 860 1514 quod
886 1462 991 1502 bene
1023 1461 1178 1515 fertur,
1214 1479 1336 1507 onus:

209 1510 308 1552 Vidi
340 1527 419 1567 ego
450 1515 631 1557 iactatas
665 1521 781 1559 mota
812 1519 904 1560 face
937 1535 1122 1563 crescere
1154 1523 1347 1566 flammas

265 1570 323 1610 Et
354 1572 440 1612 vidi
471 1574 588 1615 nullo
623 1576 891 1618 concutiente
924 1580 1054 1633 mori3

207 1627 395 1670 Verbera
426 1631 549 1683 plura
579 1633 739 1688 ferunt,
773 1649 899 1688 quam
932 1651 1037 1691 quos
1068 1638 1187 1680 iuvat
1219 1654 1321 1682 usus
1354 1643 1498 1698 aratri,

265 1685 519 1730 Detractant
550 1692 693 1744 prensi
726 1693 825 1734 dum
856 1694 958 1749 iuga
989 1696 1127 1749 prima
1158 1698 1306 1753 boves3

154 1755 185 1779 15
206 1744 344 1797 Asper
376 1761 508 1801 equus
541 1749 656 1790 (111113
690 1752 966 1793 contunditur
999 1768 1071 1795 ora
1103 1755 1281 1810 lupatis,

263 1802 401 1845 Frena
433 1806 573 1848 minus
607 1809 750 1863 sentit,
783 1810 973 1864 quisquis
1008 1813 1059 1853 ad
1091 1828 1209 1855 arma
1240 1814 1354 1856 facit.

204 1860 356 1902 Acrius
387 1863 546 1905 invitos
578 1867 798 1922 multoque
830 1868 1013 1912 ferocius
1047 1876 1188 1927 urget,

264 1918 399 1966 Quam
433 1923 503 1975 qui
537 1925 756 1967 servitium
788 1926 896 1968 ferre
929 1928 1136 1984 fatentur,
1167 1931 1313 1972 Amor.

203 1975 271 2016 En
303 1991 380 2032 ego
414 1981 634 2023 confiteor:
667 1987 742 2025 tua
775 1999 867 2026 sum
898 2001 1008 2028 nova
1039 1989 1212 2043 praeda,
1245 1988 1428 2047 Cupido,

150 2045 183 2070 20
260 2033 525 2091 Porrigimus
557 2040 691 2082 victas
725 2043 776 2084 ad
808 2047 882 2085 tua
912 2045 1006 2087 iura
1037 2061 1197 2088 manus.

202 2090 275 2132 Nil
308 2108 412 2148 opus
446 2099 510 2137 est
542 2098 671 2140 bello:
704 2102 871 2143 veniam
902 2118 1132 2158 pacemque
1164 2120 1384 2162 rogamus,

259 2149 349 2192 Nec
382 2153 462 2194 tibi
494 2155 585 2196 laus
619 2159 746 2200 armis
778 2160 916 2202 victus
948 2162 1121 2204 inermis
1155 2179 1237 2205 ero.

200 2207 334 2250 Necte
368 2225 533 2253 comam
566 2219 723 2271 myrto,
755 2222 968 2261 maternas
1000 2221 1128 2277 iunge
1161 2223 1397 2265 columbas!

261 2266 341 2316 Qui
370 2269 537 2325 fieceat,
570 2286 739 2315 currum
771 2277 946 2319 vitricus
978 2279 1068 2333 ipse
1102 2280 1232 2335 dabit,

147 2337 180 2361 25
200 2325 332 2381 Inque
366 2327 465 2369 dato
499 2344 640 2385 curru,
670 2335 828 2387 populo
862 2336 1071 2379 clamante
1102 2339 1382 2395 triumphum,
