1690 2656
182 95 238 137 36
742 93 984 129 AMORUM

180 191 259 247 At,
291 191 326 232 si
358 206 467 232 vana
498 190 641 232 ferunt
660 189 867 230 volucres
903 203 998 230 mea
1030 189 1144 231 dicta
1174 190 1406 245 procellae,

239 249 391 303 Aequa
422 253 568 290 tamen
599 247 731 303 puppi
765 247 822 288 sit
855 245 1036 288 Galatea
1066 250 1182 289 tuae!

128 318 163 344 ³5
182 307 387 350 Vestrum
420 308 580 349 crimen
611 306 692 346 erit
725 304 824 346 talis
856 305 1022 346 iactura
1053 306 1239 361 puellae,

241 366 530 419 Nereidesque
563 365 664 405 deae
696 362 1013 417 Nereidumque
1045 367 1178 419 pater.

182 423 301 466 Vade
334 438 497 465 memor
528 422 666 463 nostri
698 425 825 462 vento
858 422 1047 463 reditura
1080 423 1285 478 secundo,

241 482 410 537 Inpleat
440 482 515 522 illa
546 484 643 521 tuos
677 480 832 521 fortior
864 495 967 522 aura
1000 481 1134 522 sinus!

182 541 293 582 Tum
324 555 439 581 mare
470 540 517 580 in
547 539 653 580 haec
685 553 867 594 magnus
899 539 1111 593 proclinet
1142 540 1271 580 litora
1302 539 1488 594 Nereus,

128 610 164 636 40
242 599 337 640 Huc
370 598 486 639 venti
519 598 700 652 spirent,
730 597 814 638 huc
847 600 948 652 agat
981 601 1123 639 aestus
1156 599 1305 652 aquas!

181 657 283 712 Ipsa
314 671 458 712 roges,
490 656 673 710 Zephyri
704 655 878 696 veniant
908 655 954 696 in
983 656 1117 697 lintea
1149 656 1249 711 soli,

242 716 341 770 Ipsa
372 719 447 756 tua
478 717 650 755 moveas
683 714 855 769 turgida
885 714 980 755 vela
1011 729 1150 755 manu.

182 773 352 815 Primus
385 788 464 829 ego
498 772 731 828 adspiciam
762 776 912 813 notam
945 773 994 813 de
1026 773 1153 814 litore
1184 773 1364 828 puppim

242 833 300 873 Et
333 832 471 873 dicam
503 831 687 873 ‘nostros
720 831 893 872 advehit
923 831 998 872 illa
1030 831 1146 872 deos’

130 902 164 927 45
184 890 493 945 Excipiamque
525 890 683 931 umeris
717 892 760 930 et
791 889 929 930 multa
960 889 1050 931 sine
1083 890 1229 930 ordine
1262 904 1434 945 carpam

244 948 416 990 Oscula:
448 962 525 1002 pro
558 948 698 989 reditu
728 947 905 989 victima
935 950 1037 988 vota
1069 948 1207 1002 cadet,

184 1007 319 1061 Inque
351 1007 435 1048 tori
467 1006 651 1048 formam
683 1006 834 1047 molles
868 1009 1113 1047 sternentur
1144 1006 1347 1061 harenae,

243 1066 302 1107 Et
333 1065 525 1106 tumulus
558 1079 729 1105 mensae
763 1064 944 1118 quilibet
975 1064 1113 1105 instar
1145 1065 1236 1106 erit.

185 1124 279 1165 Illic
312 1123 508 1178 adposito
540 1123 734 1164 narrabis
767 1123 903 1163 multa
935 1122 1095 1178 Lyaeo:

131 1193 166 1219 50
244 1182 383 1223 Paene
415 1182 472 1223 sit
504 1184 553 1222 ut
583 1181 732 1222 mediis
766 1181 921 1222 obruta
950 1183 1070 1222 navis
1108 1181 1249 1235 aquis,

184 1241 383 1294 Dumque
405 1240 457 1281 ad
482 1254 549 1280 me
568 1254 791 1293 properas,
814 1254 952 1292 neque
971 1239 1143 1293 iniquae
1170 1242 1365 1293 tempora
1389 1240 1528 1281 noctis

244 1298 334 1340 Nec
365 1302 408 1339 te
439 1298 694 1353 praecipites
727 1297 973 1338 extimuisse
1006 1297 1158 1338 Notos.

186 1357 340 1398 Omnia
369 1371 447 1411 pro
473 1356 584 1397 veris
616 1356 803 1410 credam,
835 1355 922 1396 sint
952 1356 1053 1397 ficta
1084 1356 1248 1397 licebit:

245 1414 331 1456 Cur
363 1429 442 1470 ego
474 1429 561 1455 non
592 1414 704 1455 votis
737 1414 934 1455 blandiar
963 1414 1055 1468 ipse
1088 1414 1224 1455 meis'?

133 1484 166 1510 55
185 1474 303 1515 Haec
335 1473 441 1514 1111111
473 1473 788 1527 quamprimum
822 1473 938 1513 caelo
970 1472 1255 1514 nitidissimus
1290 1473 1377 1514 alto

244 1531 415 1573 Lucifer
447 1531 633 1572 admisso
666 1534 862 1585 tempora
891 1534 1037 1585 portet
1069 1532 1194 1584 equo!

80 1651 157 1687 XII.
184 1648 249 1690 Ite
281 1648 562 1702 triumphales
596 1647 756 1689 circum
788 1661 882 1688 mea
913 1650 1109 1701 tempora
1139 1647 1300 1689 laurus!

246 1706 457 1748 Vicimus:
488 1706 535 1746 in
564 1708 775 1758 nostrost,
808 1719 922 1759 ecce,
954 1704 1142 1746 Coriima
1175 1705 1288 1760 sinu,

189 1764 325 1814 Quam
350 1764 432 1819 vir,
459 1779 587 1818 quam
613 1766 776 1818 custos,
804 1778 931 1818 quam
955 1764 1084 1804 ianua
1109 1764 1250 1819 firma,
1275 1767 1342 1805 tot
1373 1765 1533 1819 hostes,

248 1822 502 1877 Servabant,
532 1837 671 1877 nequa
695 1825 842 1876 posset
875 1822 927 1863 ab
961 1825 1051 1863 arte
1084 1823 1189 1876 capi.

153 1893 169 1918 5
188 1880 305 1923 Haec
338 1884 402 1922 est
434 1881 663 1935 praecipuo
697 1880 878 1922 victoria
910 1880 1039 1935 digna
1070 1880 1309 1936 triumpho,

248 1940 299 1980 In
331 1954 432 1994 qua,
464 1942 812 1993 quaecumquest,
846 1939 1052 1994 sanguine
1083 1940 1240 1993 praeda
1272 1942 1398 1981 caret.

189 1997 290 2039 Non
321 1997 503 2038 humiles
536 1998 666 2052 muri,
697 2012 783 2038 non
815 1997 957 2051 parvis
991 1997 1146 2052 oppida
1177 1997 1305 2039 fossis

249 2055 417 2110 Cincta,
450 2056 523 2096 sed
554 2059 618 2097 est
650 2056 779 2097 ductu
812 2059 937 2110 capta
968 2056 1110 2110 puella
1141 2070 1247 2097 meo.

189 2113 401 2168 Pergama
432 2128 528 2155 cum
561 2115 759 2155 caderent
791 2114 904 2155 bello
938 2117 1137 2169 superata
1167 2114 1357 2169 bilustri,

140 2184 174 2208 10
252 2172 318 2213 Ex
350 2175 416 2213 tot
448 2172 493 2212 in
525 2171 688 2213 Atridis
721 2187 820 2226 pars
854 2175 985 2226 quota
1017 2172 1155 2213 laudis
1189 2173 1310 2213 erat?

192 2230 251 2271 At
284 2245 379 2271 mea
411 2230 643 2284 sepositast
676 2233 717 2271 et
749 2231 802 2271 ab
837 2231 951 2271 omni
987 2231 1123 2272 milite
1156 2231 1315 2272 dissors

252 2287 418 2344 Gloria,
448 2303 525 2330 nec
557 2288 733 2329 titulum
765 2289 952 2330 muneris
986 2289 1092 2331 alter
1123 2289 1268 2330 habet:
