1674 2662
326 169 386 204 VI.
413 167 677 203 HYPSIPYLE
705 178 864 203 109—164.
915 168 993 203 VII.
1018 167 1132 202 DIDO
1160 179 1266 203 1—14.
1405 168 1461 210 95

185 263 391 306 Perfidiae
423 263 559 317 pretio
595 277 677 316 qua
708 277 808 303 nece
841 263 993 317 dignus
1026 262 1148 303 eras?

129 323 224 378 Ipse
256 322 424 376 quidem
457 335 530 375 per
562 335 627 361 me
660 323 779 361 tutus
811 335 1040 374 sospesque
1072 320 1244 375 fuisses,

185 379 284 421 Non
317 380 415 433 quia
447 382 494 420 tu
527 379 699 434 dignus,
731 379 803 420 sed
835 379 934 432 quia
965 379 1080 419 mitis
1113 393 1209 434 ego3

128 438 306 480 Paelicis
338 438 432 491 ipsa
463 451 579 478 meos
612 437 840 491 inplessem
872 437 1077 492 sanguine
1104 437 1265 491 vultus,

62 520 110 545 150
187 496 384 550 Quosque
418 495 628 536 veneficiis
662 495 840 536 abstulit
871 495 945 536 illa
978 495 1076 536 suis.

128 554 298 596 Medeae
324 553 473 594 Medea
504 551 658 594 forem!
693 553 843 606 quodsi
875 553 974 606 quid
1007 553 1058 593 ab
1093 553 1179 594 alto

185 612 330 654 Iustus
362 612 481 653 adest
511 612 622 652 votis
655 611 847 666 Iuppiter
877 611 968 665 ipse
1000 611 1122 665 meis,

129 670 249 719 Quod
287 670 419 725 gemit
456 669 711 724 Hypsipyle,
746 669 846 711 lecti
885 683 1051 722 quoque
1093 669 1289 710 subnuba
1324 668 1462 709 nostri

185 728 374 769 Maereat
406 730 447 768 et
478 728 593 782 leges
627 727 783 768 sentiat
812 728 907 781 ipsa
939 742 1054 781 suas3

61 809 109 835 155
129 786 270 840 thue
304 800 382 841 ego
415 786 624 826 destituor
656 785 838 827 coniunx
870 788 1088 839 materque
1121 785 1319 838 duorum,

187 845 225 885 A
257 844 438 885 totidem
467 843 580 884 natis
614 844 718 884 orba
751 844 806 884 sit
837 843 911 884 illa
942 844 1050 897 viro3

129 902 218 944 Nec
250 902 358 943 male
390 905 513 956 parta
545 901 615 942 diu
647 904 790 942 teneat
820 901 1024 955 peiusque
1056 901 1286 955 relinquat:

187 960 344 1001 Exulet
376 962 418 1000 et
449 962 541 1000 toto
575 962 751 1013 quaerat
781 959 826 999 in
859 960 959 1000 orbe
991 959 1154 1013 fugam!

130 1018 266 1067 Quam
297 1017 420 1058 fratri
454 1031 656 1072 germana
686 1017 768 1057 fuit
799 1017 1038 1071 miseroque
1068 1016 1234 1071 parenti

62 1099 111 1124 160
187 1076 315 1130 Filia,
345 1078 435 1116 tam
465 1075 597 1129 natis,
627 1077 716 1116 tam
749 1074 805 1116 sit
836 1075 988 1116 acerba
1018 1075 1127 1129 viro3

131 1133 237 1176 Cum
269 1148 402 1187 mare,
435 1148 531 1174 cum
562 1136 696 1174 terras
730 1133 1059 1187 consumpserit,
1091 1147 1188 1174 aera
1218 1135 1417 1186 temptet3

188 1193 314 1233 Erret
344 1192 488 1245 inops,
520 1206 687 1245 exspes,
719 1192 843 1232 caede
876 1194 1051 1232 cruenta
1083 1192 1174 1232 sua!

129 1250 245 1292 Haec
279 1263 377 1305 egO,
409 1249 607 1304 coniugio
639 1249 836 1290 fraudata
867 1249 1099 1290 Thoantias
1133 1263 1218 1290 oro.

187 1308 330 1349 Vivite
363 1307 515 1348 devoto
546 1311 763 1360 nuptaque
795 1307 940 1360 virque
971 1309 1083 1348 toro!

619 1420 733 1455 DIDO
765 1420 971 1455 AENEAE.

42 1484 82 1520 II.
107 1481 335 1536 *[Accipe,
366 1480 624 1533 Dardanide,
655 1480 887 1521 moriturae
920 1494 1089 1521 carmen
1119 1479 1302 1534 Elissae3

193 1539 308 1588 Quae
340 1539 467 1594 legis,
499 1554 523 1579 a
554 1539 677 1579 nobis
710 1538 862 1579 ultima
893 1539 1021 1579 verba
1052 1538 1231 1593 legis:]*

135 1596 202 1638 Sic
233 1597 306 1638 ubi
337 1597 428 1638 fata
458 1600 630 1651 vocant,
661 1597 753 1638 udis
786 1597 976 1638 abiectus
1007 1596 1052 1637 in
1083 1596 1226 1637 herbis

190 1655 257 1696 Ad
287 1655 395 1696 vada
424 1654 643 1696 Maeandri
675 1655 861 1696 concinit
894 1655 1014 1695 albus
1049 1655 1157 1709 olor3

134 1712 222 1754 Nec
255 1713 354 1768 quia
385 1716 427 1754 te
458 1716 607 1754 nostra
639 1728 804 1767 sperem
835 1727 958 1767 prece
989 1727 1114 1767 posse
1146 1712 1324 1766 moveri,

192 1771 412 1825 Adloquor
444 1770 638 1817 (adverso
671 1772 880 1812 movimus
914 1771 999 1812 ista
1030 1770 1144 1825 deo),

101 1839 116 1865 5
137 1828 217 1870 Sed
247 1829 400 1871 merita
432 1832 474 1870 et
504 1829 662 1870 famam
696 1844 931 1883 corpusque
964 1829 1234 1882 animumque
1266 1828 1467 1882 pudicum

194 1885 300 1928 Cum
331 1887 440 1929 male
472 1887 744 1941 perdiderim,
774 1888 947 1941 perdere
979 1887 1108 1928 verba
1138 1887 1283 1927 levest.

137 1943 285 1986 Certus
318 1960 361 1987 es
392 1946 453 1986 ire
485 1948 630 1986 tamen
660 1945 941 1999 miseramque
973 1945 1210 1998 relinquere
1242 1944 1401 1999 Didon,

192 2003 333 2057 Atque
364 2004 477 2045 idem
508 2003 624 2044 venti
655 2004 749 2044 vela
779 2003 988 2057 fidemque
1020 2002 1186 2043 ferent?

138 2058 286 2102 Certus
319 2076 381 2116 es,
411 2061 573 2115 Aenea,
605 2076 700 2102 cum
731 2061 898 2102 foedere
931 2061 1092 2102 solvere
1123 2074 1251 2102 naves

88 2128 119 2153 10
194 2118 391 2173 Quaeque
423 2120 498 2160 ubi
530 2120 616 2160 sint
645 2119 806 2173 nescis,
836 2119 946 2160 Itala
977 2133 1108 2173 regna
1141 2119 1288 2173 sequi?

137 2174 224 2217 Nec
254 2191 365 2218 nova
397 2176 631 2232 Carthago,
662 2192 738 2218 nec
770 2180 813 2218 te
838 2177 1078 2232 crescentia
1109 2180 1293 2232 tangunt

193 2233 362 2276 Moenia
392 2250 469 2277 nec
502 2238 669 2289 sceptro
702 2235 860 2276 tradita
887 2250 1052 2276 summa
1082 2235 1187 2276 tuo?

138 2290 268 2334 Facta
297 2293 431 2348 fugis,
461 2293 653 2334 facienda
684 2293 814 2347 petis:
848 2294 1086 2348 quaerenda
1116 2308 1192 2348 per
1223 2294 1369 2334 orbem

194 2350 359 2405 Altera,
392 2351 627 2405 quaesitast
660 2351 793 2392 altera
823 2354 937 2393 terra
967 2352 1057 2393 tibi.
