1674 2662
638 162 682 207 H,
709 172 870 200 583—556.
1340 162 1424 204 221

0 253 72 298 ³⁶20
149 258 400 309 Quaerimus
433 263 560 313 atque
593 259 753 313 aliquid
783 258 876 300 luce
907 260 1081 313 patente
1112 258 1264 300 minus.

0 301 2 349 l
88 317 207 360 Tunc
227 332 406 372 quoque,
433 332 530 359 cum
550 317 683 358 solem
702 317 891 358 nondum
910 316 1167 371 prohibebat
1186 319 1230 358 et
1247 315 1429 357 imbrem

147 376 329 432 Tegula,
359 376 432 417 sed
464 390 642 430 quercus
675 379 789 417 tecta
821 375 1047 429 cibumque
1079 375 1227 429 dabat,

88 434 140 475 In
164 449 336 476 nemore
363 438 490 489 atque
516 434 669 488 antris,
693 448 781 474 11011
800 434 878 474 sub
898 433 1018 487 Iove,
1041 433 1188 475 iuncta
1211 433 1428 488 voluptas:

148 492 287 534 Tanta
317 493 411 534 rudi
442 492 601 546 populo
635 506 735 533 cura
765 492 940 546 pudoris
972 494 1082 546 erat,

20 562 71 588 625
90 551 150 593 At
179 565 291 593 nunc
322 551 543 593 nocturnis
576 549 726 592 titulos
757 550 1002 615 inponimus
1035 549 1161 604 actis,

148 609 291 663 Atque
323 610 481 650 emitur
512 623 669 664 magno
700 608 762 649 nil
792 608 876 650 nisi
907 622 1032 662 posse
1064 608 1198 662 loqui!

91 666 264 709 Scilicet
296 668 484 709 excuties
518 667 654 708 omnis
686 667 929 720 ubiquaque
960 666 1143 720 puellas,

149 724 337 767 Cuilibet
368 728 416 767 ut
448 726 562 767 dicas
595 725 715 767 ehaec
748 739 915 779 quoque
946 727 1096 766 nostra
1126 723 1254 765 fuit'?

90 783 155 825 Ne
188 784 344 838 desint,
376 798 481 838 quas
512 787 561 824 tu
594 783 738 838 digitis
773 783 993 824 ostendere
1024 783 1184 837 possis,

21 853 72 879 eso
149 840 209 882 Ut
242 856 451 896 quamque
484 842 706 897 adtigeris,
735 841 882 882 fabula
911 841 1048 895 turpis
1081 841 1191 882 erit‘?

91 899 229 941 Parva
261 913 431 954 queror:
462 900 631 954 fingunt
663 899 854 954 quidam,
885 914 992 953 quae
1023 914 1123 940 vera
1153 901 1380 954 negarent,

150 958 208 999 Et
238 958 344 998 nulli
375 972 461 998 11011
493 972 536 998 50
569 958 848 999 concubuisse
878 958 1033 998 ferunt.

92 1014 281 1070 Corpora
313 1016 349 1057 si
379 1019 613 1070 nequeunt,
650 1030 757 1069 quae
788 1018 988 1070 possunt,
1023 1015 1199 1056 nomina
1228 1018 1431 1070 tangunt,

148 1074 364 1128 Famaque
394 1088 482 1115 non
511 1077 629 1115 tacto
662 1088 838 1128 corpore
870 1073 1031 1115 crimen
1061 1073 1203 1114 habet.

22 1143 73 1168 635
93 1132 113 1172 Ι
144 1147 276 1186 1111110,
307 1132 454 1174 claude
485 1132 616 1186 fores,
647 1135 790 1173 custos
824 1132 968 1173 odiose
998 1132 1182 1186 puellae,

151 1190 210 1231 Et
241 1194 411 1232 centum
443 1191 558 1232 duris
589 1190 786 1244 postibus
819 1190 926 1231 obde
959 1204 1091 1231 seras:

94 1247 204 1296 Quid
233 1248 318 1289 tuti
349 1252 559 1302 superest,
589 1263 687 1289 cum
716 1248 901 1289 nominis
935 1251 1052 1289 extat
1083 1247 1265 1302 adulter,

153 1306 210 1347 Et
242 1307 373 1361 credi,
405 1306 517 1360 quod
546 1320 634 1347 non
665 1306 848 1361 contigit
880 1320 989 1359 esse,
1021 1306 1168 1360 cupit?

95 1363 186 1405 Nos
218 1365 348 1405 etiam
378 1378 500 1405 veros
532 1379 658 1418 parce
689 1364 940 1418 profitemur
972 1378 1157 1418 amores,

25 1434 76 1459 540
153 1422 365 1476 Tectaque
402 1426 501 1463 sunt
533 1422 667 1463 solida
699 1422 881 1476 mystica
911 1421 1027 1462 furta
1057 1422 1150 1462 fide.

94 1480 262 1522 Parcite
293 1480 517 1535 praecipue
549 1480 654 1521 vitia
686 1480 940 1534 exprobrare
972 1480 1144 1535 puellis,

153 1537 269 1580 Utile
302 1553 407 1592 quae
440 1538 586 1579 mult-is
618 1538 909 1580 dissimulasse
940 1538 1039 1579 fuit:

95 1596 186 1638 Nec
218 1611 318 1638 suus
349 1596 644 1638 Andromedae
677 1597 794 1638 color
825 1600 890 1637 est
922 1596 1114 1638 obiectus
1147 1596 1200 1637 ab
1231 1595 1325 1650 1110,

154 1654 326 1696 Mobilis
358 1655 403 1695 in
435 1655 604 1710 gemino
637 1655 705 1697 cui
735 1655 840 1709 pede
871 1655 1001 1709 pinna
1032 1654 1132 1708 fuit,

28 1724 78 1749 645
98 1712 305 1754 Omnibus
337 1713 633 1754 Andromache
664 1713 798 1754 visast
830 1712 1058 1767 spatiosior
1091 1726 1242 1765 aequo:

155 1770 295 1825 Unus,
327 1771 400 1824 qui
431 1771 642 1812 modicam
674 1771 848 1825 diceret,
879 1770 1040 1812 Hector
1072 1774 1174 1811 erat.

99 1828 219 1878 Quod
251 1829 359 1870 male
390 1828 494 1883 fers,
525 1829 741 1870 adsuesce:
772 1829 881 1870 feres
914 1829 1038 1883 11011ος
1069 1828 1205 1869 multa
1241 1831 1432 1869 vetustas

155 1886 300 1941 Lenit,
331 1890 375 1928 at
405 1887 611 1941 incipiens
645 1887 787 1928 omnia
819 1887 949 1928 sentit
980 1901 1110 1928 amor.

98 1945 213 1986 Dum
243 1959 377 1986 novus
408 1946 454 1985 in
485 1945 609 1986 viridi
641 1945 841 1986 coalescit
873 1945 1029 1986 cortice
1061 1958 1223 1999 ramus,

29 2013 81 2040 ⁶50
158 2002 385 2044 Concutiat
415 2006 609 2044 tenerum
641 2003 855 2056 quaelibet
887 2018 1006 2056 aura,
1037 2003 1176 2057 cadet3

98 2060 200 2102 Mox
231 2061 360 2102 etiam
391 2061 529 2102 ventis
562 2061 700 2115 spatio
733 2061 885 2102 durata
914 2061 1087 2102 resistet

157 2118 384 2173 Firmaque
417 2119 638 2173 adoptivas
671 2120 797 2160 arbor
827 2119 1004 2160 habebit
1035 2133 1146 2173 opes.

99 2176 263 2218 Eximit
292 2177 387 2231 ipsa
418 2178 506 2218 dies
538 2177 675 2218 omnis
708 2192 729 2218 e
762 2191 937 2232 corpore
968 2177 1160 2231 mendas,

158 2234 361 2288 Quodque
392 2235 475 2276 fuit
505 2235 675 2289 vitium,
706 2235 862 2277 desinit
894 2250 985 2276 esse
1015 2249 1152 2277 mora:

31 2303 81 2330 655
99 2291 227 2334 Ferre
258 2307 392 2334 novae
422 2308 545 2335 nares
577 2297 798 2335 taurorum
827 2298 950 2349 terga
979 2296 1195 2349 recusant3

158 2351 348 2393 Adsiduo
382 2352 564 2394 domitas
596 2355 787 2407 tempore
818 2352 930 2394 fallit
962 2352 1076 2394 odor.
