1674 2662
401 129 512 163 XIIII.
539 129 956 164 HYPERMESTRA
982 139 1126 165 33—106.
1353 130 1435 171 129

45 237 78 261 το
156 223 292 265 Paene
325 238 476 264 manus
508 223 594 264 telo
629 224 772 265 saucia
803 224 918 265 facta
949 227 1084 279 tuast3

97 282 271 336 Iamque
302 286 470 336 patrem
496 282 764 335 famulosque
797 283 931 336 patris
964 283 1186 336 lucemque
1213 283 1436 324 timebam:

155 340 423 394 Expulerunt
456 354 628 381 somnos
661 341 765 381 haec
797 355 891 381 mea
917 341 1030 381 dicta
1062 344 1178 381 tuos:

98 397 248 453 ‘Surge
282 413 377 453 age,
409 398 573 451 Belide,
605 398 654 438 de
687 401 752 439 tot
784 399 909 439 modo
942 398 1148 439 fratribus
1181 401 1306 441 unus!

155 455 252 497 Nox
284 457 382 510 tibi,
412 456 457 496 ni
489 470 710 510 properas,
741 456 825 497 ista
856 457 1053 510 perennis
1087 457 1194 498 erit?

43 528 76 553 τε»
96 514 286 556 Territus
320 514 530 569 exsurgis3
567 514 681 569 fugit
714 515 851 555 omnis
882 515 1037 555 inertia
1070 516 1226 557 somni:

154 573 352 626 Adspicis
384 572 431 612 in
461 572 613 612 timida
645 572 775 613 fortia
806 573 891 613 tela
924 588 1068 614 manu:

98 631 328 679 Quaerenti
360 645 533 672 causam
566 630 680 671 ‘dum
712 645 797 671 nox
830 631 950 685 sinit,
982 632 1152 686 effuge?
1186 632 1290 686 dixi3

155 689 268 729 Dum
299 703 385 729 nox
418 692 509 729 atra
542 688 662 742 sinit,
694 692 741 729 tu
773 689 906 743 fugis,
936 690 1031 743 ipsa
1062 704 1216 731 moror.

96 747 220 788 Mane
254 750 364 800 erat,
395 750 438 787 et
468 746 643 787 Danaus
678 761 854 801 generos
888 763 937 788 ex
970 748 1094 789 caede
1126 748 1306 789 iacentis

44 819 78 843 80
155 805 426 845 Dinumerat:
460 820 648 846 summae
676 805 863 846 criminis
896 820 1005 846 unus
1038 806 1156 860 abes,

96 863 198 904 Fert
230 863 338 904 male
372 867 578 917 cognatae
610 863 820 904 iacturam
852 864 1002 904 mortis
1034 864 1079 904 in
1111 879 1195 905 uno

153 921 212 962 Et
245 921 436 974 queritur
467 921 570 961 facti
603 922 823 976 sanguinis
857 936 947 962 esse
980 937 1148 976 parum,
1182 938 1185 939 ⁷

94 979 338 1020 Abstrahor
369 994 392 1019 a
423 979 575 1032 patriis
607 979 804 1034 pedibus,
835 984 1086 1033 raptamque
1119 979 1283 1033 capillis

156 1037 291 1092 (Haec
323 1037 479 1078 meruit
510 1037 647 1090 pietas
679 1038 903 1092 praemial)
939 1053 1080 1079 carcer
1112 1038 1254 1079 habet.

43 1107 76 1132 85
99 1095 270 1137 Scilicet
302 1110 352 1136 ex
383 1095 457 1135 illo
490 1095 671 1136 Iunonia
704 1100 925 1150 permanet
956 1097 1039 1150 ira,

156 1152 263 1194 C-um
294 1154 372 1194 bos
406 1168 455 1194 ex
486 1153 720 1208 hominest,
752 1169 801 1194 ex
833 1155 940 1195 bove
972 1154 1087 1195 facta
1120 1154 1206 1195 dea.

97 1212 155 1252 At
189 1212 292 1252 satis
325 1214 390 1252 est
419 1226 580 1265 poenae
613 1215 805 1253 teneram
835 1213 1023 1267 mugisse
1056 1213 1242 1267 puellam

155 1269 264 1323 Nec,
295 1270 421 1310 modo
453 1269 703 1323 formosam,
735 1285 859 1324 posse
890 1271 1056 1324 placere
1088 1271 1192 1311 Iovi.

97 1328 280 1369 Adstitit
310 1328 356 1367 in
387 1328 480 1381 ripa
511 1327 661 1381 liquidi
692 1342 803 1369 nova
834 1343 961 1370 vacca
991 1329 1181 1382 parentis

44 1398 78 1423 90
157 1385 407 1439 Cornuaque
440 1385 485 1425 in
516 1386 667 1439 patriis
698 1401 785 1427 non
817 1402 893 1427 sua
923 1387 1030 1427 vidit
1062 1387 1183 1440 aquis

99 1444 347 1498 Conatoque
381 1444 499 1497 queri
531 1444 722 1499 mugitus
757 1445 887 1485 edidit
921 1460 991 1485 ore

156 1503 448 1556 Territaquest
479 1502 635 1556 forma,
667 1503 815 1544 territa
847 1518 948 1544 voce
982 1518 1067 1544 sua.

100 1561 210 1610 Quid
240 1560 346 1601 furis
355 1594 366 1614 ,
395 1560 572 1600 infelix?
606 1561 707 1613 quid
738 1565 779 1602 te
812 1561 978 1602 miraris
1010 1562 1056 1602 in
1086 1561 1267 1602 umbra?

157 1619 267 1667 Quid
296 1633 494 1659 numeras
525 1619 662 1659 factos
696 1620 747 1660 ad
779 1634 889 1660 nova
921 1620 1111 1660 membra
1143 1619 1299 1674 pedes?

45 1689 79 1713 95
98 1677 179 1718 Illa
210 1677 323 1717 Iovis
356 1676 502 1731 magni
532 1677 681 1730 paelex
712 1679 937 1719 metuenda
970 1678 1106 1719 sorori

156 1735 324 1776 Fronde
355 1735 470 1775 levas
500 1735 677 1776 nimiam
703 1737 1044 1790 caespitibusque
1076 1737 1250 1790 famem,

99 1793 234 1834 Fonte
266 1793 379 1833 bibis
412 1796 661 1846 spectasque
693 1797 812 1835 tuam
845 1795 1085 1848 stupefacta
1115 1795 1298 1848 figuram

157 1851 232 1905 Et,
263 1854 305 1892 te
336 1865 388 1891 ne
420 1851 592 1904 feriant,
625 1865 731 1904 quae
764 1853 893 1907 geris,
926 1868 1061 1906 arma,
1094 1852 1238 1905 times,

99 1909 298 1962 Quaeque
330 1909 474 1962 modo,
506 1912 553 1949 ut
584 1924 732 1963 posses
765 1911 894 1951 etiam
926 1911 1025 1951 Iove
1059 1910 1187 1964 digna
1218 1909 1369 1963 videri,

29 1979 80 2004 100
157 1967 286 2008 Dives
319 1981 429 2020 eras,
458 1967 571 2007 nuda
601 1968 714 2008 nuda
746 1969 957 2010 recumbis
989 1969 1138 2022 humo,

99 2025 179 2066 Per
210 2039 344 2078 mare,
373 2039 448 2078 per
479 2028 615 2066 terras
648 2031 913 2081 cognataque
947 2026 1121 2067 fiumina
1155 2026 1306 2067 curris:

157 2083 243 2124 Dat
274 2097 407 2136 mare,
439 2083 540 2123 dant
572 2098 735 2138 amnes,
767 2086 839 2125 dat
870 2085 951 2125 tibi
983 2088 1097 2125 terra
1128 2084 1251 2125 viam.

101 2141 217 2190 Quae
249 2141 329 2182 tibi
361 2155 488 2181 causa
518 2141 674 2195 fugae?
708 2143 807 2196 quid
833 2146 880 2183 tu
911 2142 1021 2183 freta
1052 2143 1181 2197 longa
1212 2143 1434 2197 pererras?

157 2199 257 2240 Non
287 2198 447 2253 poteris
478 2199 620 2239 vultus
654 2201 837 2255 effugere
868 2201 963 2254 ipsa
994 2204 1100 2241 tuos.

30 2268 79 2293 105
99 2258 263 2311 Inachi,
295 2271 377 2312 quo
409 2257 640 2310 properas?
673 2259 818 2299 eadem
850 2259 1122 2312 sequerisque
1154 2258 1369 2314 fugisque:

157 2315 220 2356 Tu
252 2316 332 2357 tibi
358 2315 441 2356 dux
474 2314 639 2368 comiti,
670 2319 718 2357 tu
750 2331 890 2358 comes
916 2317 1009 2371 ipsa
1041 2317 1153 2359 duci!

170 2390 259 2416 Ov1n.
282 2391 304 2416 I.
1128 2389 1147 2418 9
