1674 2662
602 143 643 185 H,
671 155 717 186 w,
744 154 777 178 23
797 157 931 188 —v111,
958 156 984 180 8.
1399 150 1452 191 31

78 265 86 273 .
111 233 229 288 Ergo
263 234 473 276 sufficiam
504 250 601 277 reus
634 237 678 278 in
709 252 819 279 nova
851 239 1028 281 crimina
1061 242 1255 296 semper?

174 291 235 333 Ut
266 292 452 348 vincam,
483 295 641 336 totiens
675 296 917 339 dimicuisse
948 299 1078 354 piget.

119 348 215 391 Sive
248 365 327 406 ego
360 353 588 394 marmorei
620 355 786 408 respexi
820 370 985 397 sumnia
1017 358 1193 413 theatri,

172 409 311 464 Eligis
344 424 365 450 e
398 410 564 466 multis,
595 413 703 453 unde
737 413 876 455 dolere
910 414 1031 469 velis3

79 477 94 502 5
115 464 305 508 Candida
337 482 410 509 seu
442 469 574 510 tacito
607 470 713 511 vidit
746 486 811 512 me
844 472 1001 513 femina
1033 473 1171 529 vultu,

172 524 223 565 In
254 526 376 566 vultu
409 527 562 568 tacitas
596 529 740 583 arguis
774 544 864 571 esse
896 535 1033 572 notas.

115 581 290 637 Siquam
321 584 508 639 laudavi,
541 586 695 627 misero
728 588 839 641 petis
871 603 1012 644 ungue
1047 590 1240 646 capillos3

173 640 216 682 Si
250 642 392 696 culpo,
425 643 583 684 crimen
616 645 882 687 dissimulare
914 651 1051 700 putas.

113 697 209 740 Sive
242 700 379 741 bonus
413 701 529 742 color
561 706 643 757 est,
675 703 719 743 in
750 707 792 744 te
827 719 993 758 quoque
1026 706 1208 760 frigidus
1242 722 1351 762 esse,

58 767 92 792 10
172 756 254 798 Seu
286 758 442 813 nialus,
474 760 649 801 alterius
682 761 798 802 dicor
831 777 972 804 amore
1004 765 1124 804 mori.

110 816 253 869 Atque
287 831 365 871 ego
397 818 562 871 peccati
594 819 746 860 vellem
777 820 882 861 mihi
915 822 1109 863 conscius
1143 837 1296 864 essem:

168 874 318 928 Aequo
352 875 493 916 animo
524 890 723 932 poenam,
762 879 834 931 qui
866 893 1075 934 meruere,
1105 880 1264 935 ferunt3

110 930 234 974 Nunc
267 935 424 974 temere
456 934 678 975 insimulas
712 936 1002 991 credendoque
1037 939 1178 979 omnia
1209 940 1369 981 frustra

168 989 268 1044 Ipsa
299 994 417 1032 vetas
448 992 556 1033 iram
586 993 752 1047 pondus
784 994 940 1036 habere
972 999 1107 1051 tuam,

58 1059 89 1083 15
110 1048 312 1102 Adspice,
346 1053 393 1090 ut
426 1050 589 1091 auritus
622 1051 885 1094 miserandae
919 1054 1046 1095 sortis
1081 1055 1235 1096 asellus

167 1106 359 1148 Adsiduo
392 1108 579 1150 domitus
612 1110 784 1151 verbere
817 1111 959 1153 lentus
993 1115 1072 1153 eat.

109 1164 220 1206 Ecce
251 1179 409 1207 novum
442 1166 617 1208 crimen:
651 1168 799 1209 sollers
833 1184 982 1211 ornare
1016 1169 1217 1225 Cypassis

168 1222 362 1264 Obicitur
394 1224 588 1266 dominae
621 1229 931 1269 contemerasse
964 1232 1117 1270 torum.

109 1280 165 1321 Di
197 1281 367 1336 melius,
400 1296 527 1335 quam
559 1298 643 1337 me,
676 1284 711 1324 si
743 1285 799 1325 sit
830 1300 1027 1339 peccasse
1059 1287 1212 1342 libido,

56 1349 89 1374 20
169 1337 347 1380 Sordida
380 1344 648 1395 contemptae
682 1343 809 1383 sortis
843 1344 979 1385 amica
1009 1345 1142 1386 iuvet!

109 1395 212 1445 Quis
244 1397 423 1439 Veneris
456 1398 640 1440 famulae
673 1401 856 1442 conubia
886 1402 995 1443 liber
1025 1403 1132 1444 inire

165 1455 385 1511 Tergaque
419 1457 628 1511 conplecti
660 1459 833 1500 verbere
868 1464 982 1501 secta
1013 1461 1145 1502 velit?

106 1513 243 1568 Adde,
276 1515 388 1568 quod
421 1516 618 1557 ornandis
650 1515 768 1558 illast
802 1521 975 1571 operata
1009 1519 1173 1573 capillis

163 1571 222 1612 Et
253 1572 333 1613 tibi
364 1573 610 1627 perdoctast
643 1578 765 1629 grata
793 1576 990 1618 ministra
1022 1592 1166 1618 manu:

53 1640 85 1666 25
107 1628 278 1672 Scilicet
310 1631 526 1686 ancillam,
558 1647 664 1686 quae
696 1636 786 1674 tam
817 1634 898 1675 tibi
929 1635 1030 1689 fida,
1061 1637 1287 1691 rogarem?

164 1687 292 1743 Quid,
321 1689 405 1730 nisi
436 1693 484 1731 ut
514 1690 672 1732 indicio
704 1692 849 1733 iuncta
881 1694 1049 1747 repulsa
1081 1694 1221 1735 foret‘.>

105 1745 186 1787 Per
211 1745 422 1788 Venerem
453 1748 547 1789 iuro
578 1749 783 1803 puerique
815 1751 1003 1793 volatilis
1037 1767 1158 1794 arcus

161 1803 230 1845 Me
261 1819 349 1846 non
381 1806 553 1847 admissi
586 1807 775 1849 criminis
808 1823 899 1850 esse
931 1825 1061 1851 reum.

39 1923 80 1958 Π.
100 1919 313 1962 Ponendis
344 1922 390 1962 in
421 1922 536 1963 mille
568 1924 717 1964 modos
747 1925 937 1978 perfecta
975 1926 1159 1981 capillis,

163 1977 339 2021 Comere
373 1981 445 2021 sed
477 1981 589 2022 solas
623 1981 769 2037 digna,
802 1982 998 2038 Cypassi,
1030 1984 1146 2039 deas,

102 2036 160 2078 Et
192 2038 297 2079 mihi
328 2038 512 2080 iucundo
544 2053 631 2080 non
661 2040 822 2082 rustica
854 2041 1027 2096 cognita
1058 2042 1192 2097 furto,

159 2094 275 2150 Apta
307 2096 476 2150 quidem
508 2097 722 2152 dominae,
752 2099 824 2139 sed
856 2099 993 2154 magis
1026 2104 1126 2155 apta
1156 2101 1279 2156 mihi,

65 2162 80 2188 5
101 2151 203 2201 Quis
235 2153 318 2195 fuit
348 2154 462 2195 inter
491 2169 569 2196 nos
603 2156 754 2197 sociati
780 2158 969 2211 corporis
1000 2158 1155 2200 index?

160 2209 302 2253 Sensit
333 2212 584 2254 concubitus
616 2214 724 2255 unde
757 2212 943 2256 Corinna
974 2217 1102 2258 tuos?

99 2268 216 2311 Num
246 2273 391 2312 tamen
422 2271 601 2312 erubui?
632 2286 752 2327 num,
784 2274 912 2315 verbo
944 2274 1088 2330 lapsus
1119 2276 1165 2317 in
1196 2276 1301 2332 ullo,

156 2327 358 2370 Furtivae
389 2328 569 2370 Veneris
603 2331 772 2372 conscia
805 2332 927 2387 signa
959 2333 1082 2375 dedi?
