1690 2656
348 162 433 204 238
802 161 904 196 ARs
931 161 1232 196 AMATORIA.

350 256 394 299 Si
425 257 526 299 licet
559 273 581 298 a
613 256 756 311 parvis
790 256 979 298 animum
1012 257 1064 297 ad
1095 256 1259 298 maiora
1289 257 1445 299 referre

277 327 328 352 500
406 315 621 368 Plenaque
655 317 829 356 curvato
861 315 1044 369 pandere
1077 315 1171 356 vela
1203 315 1317 370 sinu,

347 373 539 415 Pertinet
572 373 624 414 ad
654 373 808 414 faciem
839 373 1010 415 rabidos
1045 387 1296 427 conpescere
1328 388 1485 415 mores:

408 430 597 472 Candida
627 446 710 486 pax
741 431 955 486 homines,
987 434 1086 473 trux
1119 432 1238 473 decet
1268 432 1333 473 ira
1364 432 1487 474 feras.

348 489 432 531 Ora
464 492 631 531 tument
661 490 744 544 ira,
774 490 1024 545 nigrescunt
1057 490 1263 545 sanguine
1296 505 1446 546 venae,

405 547 589 589 Lumina
622 547 849 603 Gorgoneo
884 549 1049 590 saevius
1082 549 1181 604 igne
1213 549 1384 590 micant.

276 620 326 643 505
349 607 383 647 ‘I
415 607 565 660 procul
596 606 729 661 hinc,⁷
763 607 869 648 dixit
903 607 1004 648 ‘non
1036 621 1079 648 es
1113 607 1237 662 mihi,
1267 607 1395 662 tibia,
1425 607 1571 662 tanti'⁷

405 664 465 705 Ut
496 665 604 706 vidit
636 665 780 706 vultus
812 665 954 706 Pallas
985 665 1031 705 in
1064 680 1186 706 amne
1219 680 1336 706 suos:

345 723 434 764 Vos
469 737 636 778 quoque
670 723 706 765 si
737 724 877 764 media
909 723 1128 778 speculum
1160 724 1361 778 spectetis
1393 724 1439 765 in
1469 724 1550 779 ira,

406 780 651 837 Cognoscat
682 782 835 823 faciem
867 782 938 823 vix
971 782 1075 823 satis
1108 782 1195 823 ulla
1227 797 1366 837 suam3

345 839 434 881 Nec
468 841 608 881 minus
640 840 686 881 in
717 841 837 881 vultu
870 841 1074 882 damnosa
1107 840 1306 895 superbia
1337 844 1497 882 vestro:

274 911 324 936 510
404 897 608 939 Comibus
641 901 706 940 est
740 899 872 940 oculis
906 899 1155 940 alliciendus
1188 913 1319 940 amor.

345 956 521 998 Odimus
553 957 789 999 inmodicos
825 957 1017 1011 (experto
1051 957 1244 1012 creditel)
1276 957 1431 999 fastus:

405 1014 538 1070 Saepe
571 1018 717 1061 tacens
752 1015 837 1056 odii
870 1015 1032 1057 semina
1064 1016 1207 1056 vultus
1239 1015 1381 1056 habet.

346 1073 619 1128 Spectantem
652 1077 815 1129 specta,
845 1074 1002 1115 ridenti
1035 1074 1180 1114 mollia
1212 1074 1318 1114 ride!

402 1132 574 1173 Innuet:
608 1135 803 1186 acceptas
836 1135 884 1173 tu
917 1146 1085 1186 quoque
1117 1132 1242 1173 redde
1273 1132 1415 1173 notas!

272 1203 324 1228 515
346 1190 416 1232 Sic
448 1190 522 1231 ubi
553 1190 754 1245 prolusit,
785 1190 962 1231 rudibus
994 1205 1100 1244 puer
1130 1190 1203 1231 1110
1234 1190 1395 1232 relictis

403 1247 576 1303 Spicula
607 1249 656 1289 de
688 1249 890 1303 pharetra
920 1249 1081 1303 promit
1114 1252 1239 1290 acuta
1271 1263 1357 1290 sua.

345 1306 521 1348 Odimus
555 1310 597 1348 et
630 1310 833 1348 maestas:
866 1307 1135 1348 Tecmessam
1168 1307 1320 1362 diligat
1351 1307 1478 1348 Aiax!

401 1365 492 1406 Nos
501 1399 512 1420 ,
543 1365 723 1406 hilarem
754 1366 979 1420 populum,
1010 1365 1170 1406 femina
1201 1366 1314 1407 laeta
1346 1365 1472 1420 capit.
1510 1368 1686 1422 [garem‚

342 1423 591 1477 Numquam
623 1438 703 1479 ego
736 1427 796 1478 10,
827 1423 1138 1478 Andromache,
1171 1438 1248 1465 nec
1280 1426 1335 1478 te,
1366 1423 1591 1466 Tecmessa
1621 1439 1686 1466 ro-

272 1494 321 1519 20
400 1481 460 1523 Ut
492 1496 587 1523 mea
619 1482 668 1523 de
700 1482 822 1523 vobis
856 1482 990 1523 altera
1022 1482 1159 1524 amica
1189 1482 1320 1537 foret3

343 1539 522 1581 Credere
554 1540 625 1581 vix
656 1540 819 1595 videor,
851 1555 947 1582 cum
980 1554 1109 1595 cogar
1141 1541 1308 1582 credere
1339 1543 1484 1596 partu,

400 1598 489 1640 Vos
523 1613 602 1654 ego
636 1607 732 1640 'cum
764 1599 917 1640 vestris
951 1599 1230 1640 concubuisse
1262 1598 1376 1639 viris.

343 1655 514 1699 Scilicet
545 1657 668 1698 Aiaci
700 1657 853 1698 mulier
884 1657 1171 1698 maestissima
1203 1656 1310 1698 dixit

400 1715 509 1756 ‘Lux
540 1715 649 1756 mea'
683 1729 872 1769 quaeque
906 1715 1045 1756 solent
1076 1715 1206 1756 verba
1236 1715 1381 1756 iuvare
1408 1715 1553 1756 viros‘?

269 1786 319 1810 525
341 1773 456 1822 Quis.
476 1776 594 1815 vetat
627 1788 651 1814 a
682 1774 850 1829 magnis
884 1774 935 1814 ad
967 1788 1033 1815 res
1067 1773 1259 1828 exempla
1290 1773 1475 1815 minores

400 1831 574 1873 Sumere
606 1846 684 1873 nec
714 1846 872 1873 nomen
902 1832 1174 1886 pertimuisse
1207 1831 1354 1873 ducis?

338 1890 437 1931 Dux
468 1891 606 1932 bonus
639 1890 739 1932 huic
771 1893 942 1932 centum
975 1890 1190 1932 commisit
1221 1890 1307 1931 vite
1339 1890 1564 1945 regendos,

398 1948 510 1991 Huic
543 1949 727 2003 equites,
756 1949 821 1989 illi
854 1949 977 2004 signa
1008 1949 1167 1990 tuenda
1199 1948 1330 1990 dedit:

338 2006 428 2048 Vos
457 2021 637 2062 quoque,
662 2008 710 2048 de
730 2007 855 2048 nobis
877 2022 1002 2061 quem
1024 2007 1202 2061 quisque
1224 2007 1304 2048 erit
1325 2009 1449 2061 aptus
1471 2007 1523 2048 ad
1542 2021 1678 2062 usum,

267 2077 318 2102 530
396 2065 601 2120 Inspicite
634 2068 677 2106 et
709 2069 824 2107 certo
856 2066 1003 2120 ponite
1036 2080 1243 2119 quemque
1275 2065 1386 2106 loco!

337 2123 516 2164 Munera
547 2124 617 2165 det
649 2124 782 2179 dives3
813 2124 879 2165 ius
913 2124 985 2178 qui
1017 2124 1307 2178 profitebitur,
1339 2123 1465 2178 adsit3

396 2181 621 2223 Facundus
654 2197 827 2224 causam
860 2197 983 2237 saepe
1017 2182 1183 2224 clientis
1217 2185 1334 2236 agat3

338 2238 538 2280 Carmina
570 2241 642 2294 qui
673 2241 873 2295 facimus,
904 2241 1126 2282 mittamus
1160 2240 1348 2281 carmina
1379 2242 1564 2281 tantum:

394 2297 476 2339 Hic
510 2298 663 2340 chorus
696 2302 793 2340 ante
827 2299 932 2340 alios
965 2302 1088 2354 aptus
1122 2313 1262 2340 amare
1295 2312 1458 2353 sumus;

265 2368 316 2393 535
337 2355 428 2397 Nos
460 2350 640 2398 facimus
672 2357 853 2411 placitae
886 2358 971 2398 late
1002 2357 1230 2412 praeconia
1261 2356 1439 2397 formae:
