1690 2656
327 176 414 218 240
783 175 884 209 Ans
910 174 1213 209 AMAToaiA.
1258 149 1262 152 ’

327 271 508 327 Ignibus
539 271 639 312 heu!
672 270 800 311 lentis
833 272 997 324 uretur,
1029 272 1077 311 ut
1108 269 1252 311 umida
1283 269 1425 326 faena,

386 329 446 370 Ut
478 330 604 370 modo
637 328 853 370 montanis
887 328 995 369 silva
1025 328 1162 370 recisa
1192 328 1316 384 iugis.

257 400 308 426 575
329 387 497 429 Certior
528 387 598 429 hic
630 401 751 428 amor
782 389 866 441 est,
898 386 1039 442 gravis
1073 390 1115 428 et
1145 386 1366 428 fecundior
1389 387 1485 429 ille:

389 445 504 494 Quae
536 445 728 501 fugiunt,
760 445 885 487 celeri
918 445 1078 499 carpite
1111 459 1239 499 poma
1270 446 1415 486 manu!

330 504 485 546 Omnia
515 505 740 545 tradantur
774 503 939 560 (portas
970 504 1252 545 reseravimus
1284 502 1439 560 hosti),

386 563 446 604 Et
477 562 534 604 sit
564 563 610 603 in
639 563 772 603 infida
802 562 1044 616 proditione
1075 562 1196 603 fides!

329 620 451 669 Quod
482 621 608 662 datur
640 636 691 662 ex
721 621 856 676 facili,
887 621 1065 676 longum
1096 620 1206 661 male
1237 620 1375 662 nutrit
1406 635 1610 662 amorem:

257 691 309 716 580
386 679 648 721 Miscendast
679 679 804 720 laetis
836 694 934 720 rara
963 678 1135 733 repulsa
1164 678 1282 720 iocis.

327 738 441 779 Ante
472 738 586 779 fores
617 738 774 793 iaceat,
806 737 1003 779 ecrudelis
1034 737 1194 778 ianual'
1228 737 1342 779 dicat

386 796 608 850 Multaque
642 796 886 851 summisse,
918 796 1054 837 multa
1084 796 1298 837 minanter
1331 798 1447 852 agat!

327 854 482 896 Dulcia
511 869 600 896 non
630 855 824 896 ferimus:
858 869 960 896 suco
992 868 1244 896 renovemur
1277 856 1439 896 amaro!

390 912 523 968 Saepe
555 913 667 968 perit
697 913 837 955 ventis
871 914 1025 955 obruta
1057 913 1211 955 cumba
1242 912 1348 968 suis,

257 982 308 1009 585
327 971 421 1013 Hoc
454 975 534 1027 est,
567 986 721 1013 uxores
754 972 868 1025 quod
897 986 985 1013 non
1014 972 1205 1025 patiatur
1237 971 1387 1012 amari:

387 1028 657 1071 Conveniunt
687 1030 802 1084 illas,
833 1044 929 1071 cum
960 1030 1149 1083 voluere,
1181 1029 1279 1083 viri,

326 1088 447 1130 Adde
479 1088 633 1143 forem,
665 1091 708 1130 et
740 1088 845 1129 duro
878 1088 991 1129 dicat
1023 1088 1103 1128 tibi
1135 1088 1293 1129 ianitor
1326 1102 1396 1129 ore

388 1146 503 1188 eNon
533 1145 690 1201 potes':
724 1147 942 1188 exclusum
973 1149 1016 1187 te
1049 1160 1215 1200 quoque
1247 1149 1397 1201 tanget
1430 1149 1564 1189 amor!

327 1204 481 1246 Ponite
511 1205 599 1246 iam
632 1205 796 1260 gladios
827 1205 1021 1245 hebetes:
1053 1207 1275 1259 pugnetur„
1301 1205 1457 1247 acutis!

257 1275 309 1301 590
386 1263 477 1305 Nec
509 1263 676 1318 dubito,
708 1263 805 1304 telis
839 1263 942 1317 quin
971 1266 1094 1317 petar
1123 1263 1215 1317 ipse
1247 1263 1364 1304 meis.

327 1321 442 1363 Dum
481 1321 594 1363 cadit
625 1322 671 1362 in
701 1321 894 1376 laqueos,
932 1324 1080 1375 captus
1114 1335 1281 1376 quoque
1312 1336 1464 1378 nuper,
1502 1326 1669 1365 amator

388 1379 537 1421 Solum
569 1394 613 1421 se
644 1380 858 1421 thalamos
892 1383 1032 1434 speret
1063 1380 1219 1421 habere
1251 1382 1368 1434 tuos3

327 1438 563 1480 Postmodo
595 1438 773 1480 rivalem
804 1438 1048 1492 partitaque
1080 1439 1252 1480 foedera
1282 1438 1382 1480 lecti

388 1496 571 1538 Sentiat!
603 1496 681 1538 has
715 1500 826 1538 artes
859 1497 980 1538 tolle:
1013 1497 1196 1538 senescit
1228 1511 1357 1538 amor.

258 1567 308 1593 595
328 1555 437 1596 Tum
468 1556 576 1596 bene
608 1555 734 1596 fortis
767 1570 899 1609 equus
932 1558 1121 1597 reserato
1155 1570 1320 1598 carcere
1354 1556 1505 1611 currit,

386 1612 512 1669 Cum,
544 1628 650 1667 quos
682 1616 922 1667 praetereat
955 1628 1144 1667 quosque
1177 1616 1397 1669 sequatur,
1428 1615 1567 1656 habet.

328 1672 573 1721 Quamlibet
605 1673 817 1714 extinctos
848 1672 1004 1713 iniuria
1036 1672 1217 1713 suscitat
1247 1673 1386 1728 ignes3

386 1731 455 1772 En
486 1744 566 1785 ego
599 1731 822 1772 confiteor:
853 1744 940 1771 non
970 1730 1054 1771 nisi
1085 1730 1224 1771 laesus
1259 1744 1366 1772 amo.

329 1788 468 1831 Causa
498 1792 643 1830 tamen
674 1789 855 1829 nimium
885 1802 972 1829 non
1004 1789 1061 1829 sit
1092 1788 1320 1830 manifesta
1352 1789 1529 1844 doloris,

258 1859 309 1884 600
386 1847 599 1901 Pluraque
632 1847 859 1900 sollicitus,
892 1861 1020 1900 quam
1053 1847 1176 1902 sciet,
1207 1862 1298 1888 esse
1330 1849 1467 1902 putet!

328 1906 488 1947 Incitat
519 1908 562 1946 et
592 1905 682 1947 ficti
714 1905 852 1946 tristis
886 1905 1080 1947 custodia
1111 1906 1221 1946 servi

386 1964 446 2005 Et
475 1964 657 2004 nimium
689 1964 782 2004 duri
815 1978 915 2005 cura
946 1964 1128 2005 molesta
1159 1964 1250 2005 viri.

331 2024 447 2071 Quae
478 2022 596 2063 venit
628 2037 678 2063 ex
709 2025 822 2071 tuto,
855 2022 994 2063 minus
1028 2025 1093 2063 est
1125 2025 1299 2076 accepta
1329 2022 1544 2077 voluptas:

387 2079 448 2121 Ut
480 2080 537 2121 sis
569 2080 745 2122 liberior
776 2080 955 2135 Thaide,
985 2081 1098 2136 finge
1130 2082 1286 2122 metus!

259 2150 310 2174 605
332 2137 439 2179 Cum
471 2138 622 2180 melius
655 2139 819 2180 foribus
851 2139 1009 2193 possis,
1042 2139 1218 2180 admitte
1250 2139 1438 2181 fenestra

388 2196 521 2250 Inque
552 2200 627 2238 tuo
660 2198 782 2239 vultu
816 2198 939 2252 signa
970 2197 1161 2238 timentis
1193 2197 1320 2253 habe,

331 2253 495 2296 Callida
525 2255 723 2308 prosiliat
755 2256 952 2310 dicatque
985 2256 1139 2297 ancilla
1171 2255 1404 2310 ‘perimust'

388 2313 452 2353 Tu
484 2313 679 2354 iuvenem
711 2314 925 2368 trepidum
957 2315 1148 2368 quolibet
1180 2315 1285 2356 abde
1316 2315 1428 2356 loco!

329 2370 616 2413 Admiscenda
647 2374 791 2413 tamen
822 2372 968 2413 Venus
1001 2376 1067 2413 est
1100 2387 1247 2414 secura
1277 2373 1441 2427 timori,
