1674 2662
551 170 595 205 X.
621 170 872 204 ARIADNE
898 180 1042 206 35—108.
1383 170 1464 211 111

190 266 305 316 Quae
336 269 533 322 regerent
564 280 734 321 passus,
765 280 842 320 pro
875 266 978 307 duce
1009 265 1082 306 fila
1114 265 1227 320 dedi,

132 324 239 367 Cum
270 325 376 366 mihi
408 325 577 366 dicebas
612 324 700 378 ‘per
733 339 812 379 ego
843 324 937 378 ipsa
968 324 1155 379 pericula
1185 324 1297 378 iuro,

188 383 246 424 Te
277 383 388 438 fore,
419 383 520 424 dum
550 386 746 423 nostrum
777 383 891 423 vivet
921 386 1117 436 uterque,
1148 382 1313 423 meam.'

79 454 111 479 75
130 441 346 496 Vivimus,
378 444 420 482 et
450 455 538 482 non
569 456 681 495 sum,
712 440 896 494 Theseu,
927 444 1020 494 tua,
1053 441 1088 481 si
1120 441 1246 482 modo
1278 440 1384 481 vivit

188 499 365 541 Femina
395 499 554 554 periuri
585 499 731 551 fraude
766 499 933 553 sepulta
964 499 1054 539 viri.

129 557 198 599 Me
232 572 416 612 quoque,
449 572 531 611 qua
562 557 749 611 fratrem,
782 561 1031 611 mactasses,
1061 557 1258 611 inprobe,
1291 557 1428 612 clava,

187 616 334 671 Esset,
366 631 493 671 quam
525 616 711 670 dederas,
743 619 879 657 morte
914 615 1053 656 soluta
1084 616 1205 670 fides3

129 673 254 716 Nunc
287 688 366 730 ego
397 689 486 715 non
516 677 702 727 tantum,
735 689 840 728 quae
874 688 968 715 sum
998 688 1194 728 passura,
1223 674 1440 728 recordor,

76 744 110 769 80
190 731 272 773 Sed
305 747 594 787 quaecumque
626 735 770 786 potest
802 732 889 772 ulla
921 732 1069 773 relicta
1100 732 1202 786 pati.

131 790 370 832 Occurrunt
403 791 545 832 animo
576 791 780 845 pereundi
812 791 928 831 mille
960 791 1140 845 figurae,

187 849 389 903 Morsque
421 849 562 890 minus
594 863 755 902 poenae
789 863 916 902 quam
947 862 1066 890 mora
1098 848 1250 889 mortis
1282 848 1423 888 habet.

128 907 221 948 Iam
251 907 338 948 iam
369 911 572 948 venturos
606 910 679 947 aut
709 907 790 947 hac
823 910 897 947 aut
930 907 1123 960 suspicor
1152 907 1270 960 iHac,

188 964 270 1013 Qui
300 965 462 1006 lanient
495 965 617 1005 avido
649 965 811 1005 viscera
843 965 986 1019 dente,
1016 965 1158 1019 lupos3

76 1034 110 1060 85
129 1023 331 1064 Forsitan
363 1026 405 1064 et
435 1022 574 1064 fulvos
605 1022 733 1063 tellus
766 1022 853 1063 alat
883 1022 968 1063 ista
999 1022 1161 1076 leones3

189 1081 292 1130 Quis
325 1081 424 1135 scit,
456 1096 510 1122 an
541 1084 583 1122 et
616 1095 761 1122 saevas
793 1080 972 1135 tigridas
1004 1081 1145 1121 insula
1175 1080 1335 1122 habet?

128 1140 187 1181 Et
217 1140 328 1180 freta
360 1139 558 1180 dicuntur
589 1153 766 1194 magnas
799 1139 1006 1193 expellere
1038 1139 1215 1193 phocas!

189 1197 292 1246 Quis
323 1200 441 1239 vetat
472 1200 514 1238 et
548 1197 711 1252 gladios
743 1211 818 1251 per
848 1197 961 1238 latus
994 1197 1055 1238 ire
1088 1197 1258 1238 meum?

130 1256 315 1297 Tantum
345 1270 397 1296 ne
428 1255 584 1310 religer
616 1255 719 1296 dura
751 1255 920 1308 captiva
952 1258 1119 1310 catena,

78 1326 111 1351 90
189 1313 306 1355 Neve
339 1314 507 1355 traham
540 1328 660 1354 serva
692 1313 869 1368 grandia
900 1327 1033 1367 pensa.
1063 1328 1210 1367 manu,

132 1371 211 1414 Cui
242 1376 364 1426 pater
396 1376 460 1413 est
490 1371 650 1425 Minos,
682 1371 749 1412 cui
782 1374 918 1412 mater
948 1371 1037 1412 filia
1068 1371 1251 1424 Phoebi,

190 1430 394 1484 Quodque
426 1430 564 1485 magis
596 1429 788 1483 memini,
821 1444 927 1483 quae
960 1429 1040 1470 tibi
1071 1433 1197 1484 pacta
1227 1429 1306 1470 fui!

133 1488 177 1530 Si
209 1504 343 1544 mare,
375 1488 411 1529 si
441 1492 576 1529 terras
609 1490 888 1542 porrectaque
920 1488 1049 1528 litora
1079 1488 1184 1541 vidi,

189 1547 327 1588 Multa
357 1546 464 1588 mihi
495 1550 651 1600 terrae,
681 1546 816 1587 multa
848 1546 1066 1587 minantur
1098 1560 1244 1599 aquae,

80 1617 112 1642 95
133 1604 308 1647 Caelum
339 1605 548 1646 restabat:
580 1605 711 1645 timeo
746 1604 972 1645 simulacra
1003 1604 1194 1645 deorum!

191 1663 414 1705 Destituor
444 1663 604 1717 rapidis
635 1663 791 1717 praeda
824 1663 1027 1716 cibusque
1059 1662 1180 1716 feris3

135 1721 230 1763 Sive
264 1721 408 1762 colunt
438 1721 720 1774 habitantque
752 1721 851 1775 viri,
884 1721 1115 1761 diffidimus
1146 1720 1250 1761 illis:

191 1780 403 1820 Externos
437 1779 563 1820 didici
593 1779 708 1820 laesa
740 1779 889 1820 timere
921 1779 1047 1821 viros

132 1837 307 1879 Viveret
338 1837 590 1891 Androgeos
621 1838 802 1878 utinam!
835 1852 912 1878 nec
944 1837 1057 1879 facta
1088 1837 1241 1878 luisses

64 1907 114 1932 100
192 1895 315 1950 Inpia
345 1895 585 1949 funeribus,
616 1893 794 1949 Cecropi
826 1899 957 1949 terra,
990 1895 1094 1949 tuis,

133 1953 221 1996 Nec
255 1957 329 1995 tua
361 1956 591 1995 mactasset
621 1953 783 1995 nodoso
817 1954 981 2008 stipite,
1012 1953 1196 2006 Theseu,

191 2012 338 2053 Ardua
367 2015 488 2066 parte
519 2011 658 2052 virum
691 2011 878 2065 dextera,
910 2015 1030 2065 parte
1062 2012 1233 2064 bovem,

133 2069 223 2112 Nec
255 2070 354 2124 tibi,
385 2084 490 2124 quae
521 2069 683 2110 reditus
714 2072 1014 2124 monstrarent,
1045 2070 1118 2110 fila
1149 2069 1377 2124 dedissem,

192 2128 286 2170 Fila
316 2142 392 2182 per
424 2128 626 2169 adductas
660 2142 782 2182 saepe
814 2131 984 2182 recepta
1016 2142 1178 2169 manus.

66 2199 115 2224 105
133 2186 234 2229 Non
265 2186 460 2240 equidem
491 2186 640 2239 miror,
666 2186 702 2227 si
734 2185 1029 2230 statvictoria
1060 2190 1220 2240 tecum,

194 2244 422 2298 Strataque
454 2242 677 2285 Cretaeam
708 2244 833 2285 belua
866 2245 1017 2285 stravit
1048 2245 1242 2286 humum:

133 2302 234 2344 Non
264 2305 465 2358 poterant
495 2302 570 2357 figi
602 2303 850 2356 praecordia
881 2302 1018 2344 ferrea
1049 2317 1199 2358 cornu,

192 2360 253 2403 Ut
284 2364 326 2402 te
357 2375 445 2402 non
474 2363 661 2416 tegeres,
691 2364 862 2415 pectore
894 2364 1013 2402 tutus
1046 2376 1149 2403 eras.
