1690 2656
262 152 349 193 220
712 153 815 188 ARS
840 153 1146 190 AMATORIA.

261 246 362 288 Non
393 247 537 289 vuitus
568 247 725 290 texisse
758 262 876 302 suos,
906 262 994 289 non
1025 248 1205 302 denique
1235 254 1416 304 possunt

320 304 523 347 Partibus
557 306 752 348 obscenis
785 306 1037 360 opposuisse
1069 321 1231 349 manus.

190 373 242 399 585
261 363 343 405 Hic
376 364 530 418 aliquis
562 363 746 405 iidens
750 364 797 406 in
827 379 913 419 me,
943 364 1178 407 fortissime
1209 365 1399 422 Mavor,s

321 420 366 463 Si
398 422 479 463 tibi
512 425 612 464 sunt
645 423 781 477 oneri,
811 422 982 464 vincula
1012 423 1229 465 transfer!⁹
1263 425 1333 466 ait.

260 479 345 520 Vix
375 481 592 535 precibus,
624 480 842 535 Neptune,
873 481 959 522 tuis
992 482 1161 536 captiva
1191 483 1368 524 resolvit

320 537 526 592 Corpora:
558 538 673 580 Mars
705 539 897 581 Threcen
929 544 1126 595 occupat,
1156 540 1231 581 illa
1260 541 1467 596 Paphum.

260 595 354 637 Hoc
386 597 467 638 tibi
497 597 707 652 perfecto,
737 598 947 652 Vulcane,
979 599 1092 652 quod
1124 602 1222 640 ante
1254 600 1477 655 tegebant,

192 665 241 690 590
318 654 516 697 Liberius
548 631 730 710 faciunt,
764 660 811 697 ut
842 657 978 710 pudor
1012 657 1149 698 omnis
1182 658 1321 713 311651,

263 712 397 767 Saepe
428 717 574 755 tamen
605 715 776 755 demens
810 715 941 756 stulte
972 715 1124 757 fecisse
1155 715 1322 771 fateris,

318 771 461 825 Teque
493 772 637 814 ferunt
669 773 773 814 artis
805 773 1066 827 paenituisse
1098 777 1208 815 tuae.

258 829 353 871 Hoc
384 830 509 871 vetiti
540 845 615 872 vos
648 833 754 872 este!
786 835 904 872 vetat
936 832 1142 897 deprensa
1173 832 1311 874 Dione

318 888 501 930 Insidias
532 889 648 944 illas,
680 904 784 944 quas
816 890 918 931 tulit
947 890 1061 945 ipsa,
1092 891 1202 932 dare.

189 957 239 983 595
259 944 350 988 Nec
382 962 457 988 vos
488 947 612 989 rivali
642 948 818 1002 laqueos
850 948 1063 1003 disponite
1093 963 1171 990 nec
1202 964 1278 991 vos

318 1004 514 1059 Excipite
547 1020 702 1047 arcana
732 1007 862 1047 verba
892 1010 1042 1048 notata
1073 1022 1219 1062 manu,

258 1062 350 1104 Ista
380 1063 461 1104 viri
493 1067 684 1119 captent,
715 1065 751 1106 si
782 1064 868 1105 iam
899 1065 1111 1118 captanda
1141 1066 1374 1121 putabunt,

319 1122 436 1170 Quos
467 1122 597 1163 faciet
627 1123 765 1163 iustos
796 1123 910 1177 ignis
943 1126 985 1164 et
1015 1124 1129 1164 unda
1159 1124 1290 1165 viros!

258 1179 345 1233 En,
374 1180 531 1221 iterum
563 1184 716 1222 testor:
747 1181 855 1221 nihil
886 1181 955 1223 hic
986 1182 1069 1222 nisi
1102 1182 1195 1236 lege
1226 1182 1451 1224 remissum

188 1248 239 1275 600
316 1237 517 1293 Luditur3
548 1239 593 1280 in
623 1239 784 1280 nostris
816 1239 968 1280 instita
998 1240 1117 1280 nulla
1147 1240 1265 1282 10615.

258 1295 362 1344 Quis
395 1295 561 1338 Cereris
592 1297 701 1338 ritus
734 1297 847 1338 ausit
878 1298 1054 1353 vulgare
1085 1298 1295 1353 profanis,

315 1354 558 1410 Magnaque
590 1355 786 1397 Threicia
818 1371 938 1397 sacra
970 1360 1139 1410 reperta
1172 1356 1330 1398 Samo?

256 1412 471 1468 Exiguast
501 1413 638 1455 virtus
668 1417 886 1468 praestare
920 1415 1091 1456 silentia
1121 1416 1269 1470 rebus,

315 1471 375 1512 At
408 1474 558 1513 contra
590 1472 731 1527 gravis
765 1476 829 1513 est
862 1473 986 1527 culpa
1016 1474 1196 1514 tacenda
1225 1474 1360 1527 loqui:

186 1540 236 1565 ⁶05
257 1529 291 1570 O
324 1527 450 1584 106116,
482 1531 596 1584 quod
626 1530 788 1572 frustra
820 1531 1003 1585 captatis
1037 1532 1186 1572 arbore
1217 1533 1357 1586 pomis

317 1587 523 1630 Garrulus
554 1589 601 1630 in
632 1589 772 1630 media
802 1589 1008 1630 Tantalus
1042 1593 1132 1630 aret
1165 1592 1291 1643 aqua!

255 1645 487 1700 Praecipue
521 1645 732 1701 Cytherea
762 1647 882 1688 iubet
918 1662 994 1688 sua
1026 1662 1146 1689 sacra
1176 1648 1327 1689 taceri:

313 1704 555 1759 Admoneo,
586 1705 729 1747 veniat
760 1720 812 1746 ne
846 1705 940 1759 quis
974 1706 1026 1746 ad
1056 1706 1131 1746 illa
1161 1706 1335 1760 loquax!

257 1761 440 1804 Condita
472 1763 508 1804 si
538 1778 626 1804 non
658 1767 758 1804 sunt
789 1763 970 1804 Veneris
1002 1764 1207 1817 mysteria
1238 1765 1376 1820 cistis,

185 1831 236 1857 610
314 1820 405 1862 Nec
437 1836 540 1862 cava
570 1822 765 1862 vaesanis
796 1821 953 1862 ictibus
987 1836 1084 1863 aera
1117 1826 1288 1877 sonant,

254 1879 462 1920 Attamen
490 1879 604 1921 inter
633 1894 712 1921 nos
744 1880 883 1921 medio
916 1884 1141 1921 versantur
1171 1881 1216 1921 in
1246 1895 1345 1936 11511,

314 1936 397 1978 Sed
429 1937 507 1992 sic,
537 1938 650 1979 inter
680 1952 759 1979 nos
790 1942 839 1978 ut
870 1939 1047 1979 latuisse
1078 1939 1227 1980 velint:

254 1994 354 2049 Ipsa
385 1995 530 2037 Venus
562 1997 737 2051 pubem,
775 1997 971 2050 quotiens
1003 1997 1214 2038 velamina
1244 1997 1385 2052 ponit,

312 2052 561 2108 Protegitur
591 2054 712 2096 laeva
744 2055 1027 2097 semireducta
1057 2070 1197 2096 manu.

184 2122 235 2147 615
254 2110 306 2151 In
337 2112 476 2152 medio
508 2113 752 2167 passimque
786 2113 872 2154 coit
902 2128 1049 2167 pecus:
1080 2114 1161 2155 1106
1195 2127 1361 2167 quoque
1393 2113 1484 2155 viso

312 2168 484 2210 Avertit
514 2171 657 2212 vultus
689 2186 840 2225 nempe
872 2172 1015 2225 puella
1047 2186 1158 2213 suos.

255 2225 525 2268 Conveniunt
556 2229 737 2270 thalami
767 2229 895 2270 furtis
928 2233 970 2271 et
1000 2230 1129 2270 ianua
1159 2230 1339 2284 nostris,

311 2285 501 2339 Parsque
534 2287 612 2327 sub
643 2287 802 2328 iniecta
832 2291 950 2328 veste
981 2288 1177 2342 pudenda
1206 2289 1331 2342 latet,

254 2343 313 2385 Et
344 2344 380 2384 si
411 2357 498 2385 non
529 2345 746 2399 tenebras,
779 2349 822 2386 at
855 2346 1054 2399 quiddam
1085 2347 1211 2388 nubis
1245 2360 1400 2400 opacae
