1690 2656
271 139 355 181 154
779 138 1102 174 EPISTULAE.

328 235 566 289 Accedant,
599 248 774 288 quaeso,
806 234 871 275 fac
906 237 980 275 tua
1010 237 1111 275 vota
1142 234 1265 275 meis!

199 306 250 330 205
270 294 379 336 Pace
412 294 529 335 brevi
561 293 685 333 nobis
720 307 825 346 opus
859 296 942 347 est,
974 293 1073 333 dum
1105 293 1340 334 transferor
1370 293 1474 349 isto,

330 352 437 393 Cum
471 356 545 393 tua
578 351 798 406 contigero
831 351 978 405 litora,
1008 354 1171 405 perstet
1202 351 1386 406 hiemps!

270 412 373 452 Istic
408 415 472 451 est
505 413 652 464 aptum
683 413 855 451 nostrae
887 410 1037 451 navale
1070 410 1256 465 carinae,

328 470 386 510 Et
418 469 567 510 melius
599 469 717 509 nulla
750 472 836 510 stat
869 484 962 510 mea
992 468 1147 523 puppis
1180 484 1300 522 aqua.

271 528 364 569 Illic
396 543 462 568 me
496 528 665 569 claudat
696 527 876 582 Boreas,
907 527 980 568 ubi
1013 528 1133 569 dulce
1166 528 1385 568 moi-arist!

201 599 252 623 ‘210
331 587 448 627 Tunc
481 587 603 641 piger
635 586 688 627 ad
718 587 925 640 nandum,
955 589 1057 627 tunc
1090 600 1169 641 ego
1203 590 1351 628 cautus
1385 601 1456 628 ero

270 645 360 686 Nec
392 645 547 686 faciam
580 645 717 685 surdis
751 645 944 686 convicia
974 644 1176 686 fluctibus
1208 645 1296 686 ulla

328 703 468 744 Triste
500 706 700 744 nataturo
732 718 809 745 nec
842 718 994 757 querar
1027 718 1117 744 esse
1150 703 1324 744 fretum:

269 762 337 803 Me
369 762 531 816 paritei
562 763 677 803 venti
709 765 884 803 teneant
916 762 1135 816 tenerique
1167 762 1336 817 lacerti,

330 821 411 861 Per
443 835 591 862 causas
624 821 722 862 istic
754 821 1030 875 inpediaique
1063 821 1184 861 duas!

199 891 249 916 215
271 878 378 920 Cum
410 880 598 945 patietur
630 880 815 934 hiemps,
846 879 974 920 160118
1008 893 1087 934 ego
1121 879 1311 933 corporis
1344 881 1458 933 utar,

328 938 494 979 Lumen
524 938 569 978 in
601 938 806 992 adspectu
838 942 885 978 tu
917 938 1043 979 modo
1077 952 1244 991 86011161·
1274 937 1401 978 habe!

269 997 438 1037 Inteiea
468 1010 546 1051 pro
579 1011 646 1037 me
677 999 900 1050 pernoctet
933 996 1116 1050 epistula
1149 999 1310 1049 tecum,

330 1054 465 1103 Quam
498 1069 647 1109 precor
678 1058 726 1096 ut
758 1055 935 1096 minima
966 1069 1202 1108 prosequar
1233 1055 1323 1108 ipse
1356 1068 1487 1095 mora.

745 1170 876 1204 HERO
903 1169 1143 1204 LEANDRO.

126 1230 408 1279 XVIILQuam
440 1230 546 1271 mihi
578 1230 735 1271 misisti
766 1230 926 1284 verbis,
956 1230 1166 1285 Leandre,
1197 1230 1380 1270 salutem

329 1289 390 1330 Ut
420 1289 583 1344 possim
616 1288 791 1329 missam
823 1289 949 1329 rebus
982 1289 1159 1343 habere,
1189 1288 1302 1329 veni!

270 1348 422 1403 Longa
453 1351 616 1388 morast
646 1347 772 1388 nobis
807 1347 963 1402 omm's,
996 1362 1102 1401 quae
1136 1347 1292 1402 gaudia
1325 1346 1484 1402 differt3

330 1406 396 1447 Da
427 1406 595 1447 veniam
626 1405 783 1447 fassae:
815 1421 901 1446 11011
932 1405 1145 1460 patienter
1177 1406 1291 1447 amo!

235 1476 250 1501 5
271 1464 446 1505 Urimur
476 1465 575 1520 igne
606 1464 718 1519 pari,
750 1465 823 1506 sed
856 1479 950 1505 sum
982 1464 1063 1505 tibi
1095 1464 1258 1505 viribus
1289 1464 1431 1518 inpar:

330 1523 503 1564 Fortius
535 1524 755 1578 ingenium
789 1523 982 1577 suspicor
1014 1538 1105 1564 6886
1138 1523 1258 1577 viris,

271 1581 331 1623 Ut
363 1597 535 1636 corpus,
567 1582 724 1623 teneris
755 1582 818 1622 ita
850 1596 968 1622 mens
1000 1581 1170 1622 infirma
1200 1581 1372 1635 puellis:

329 1641 556 1695 Deficiam,
586 1641 707 1694 parvi
739 1640 944 1694 1601110118
978 1640 1082 1681 adde
1116 1641 1296 1680 moram!

272 1699 311 1740 V
317 1714 362 1740 os
396 1700 522 1740 modo
555 1699 766 1752 venando,
798 1699 923 1739 modo
956 1713 1028 1739 rus
1063 1698 1228 1753 geniale
1262 1698 1438 1763 colendo

219 1769 252 1793 10
329 1757 496 1798 Ponitis
528 1757 573 1797 in
604 1757 722 1798 varia
754 1760 949 1811 tempora
981 1758 1111 1812 longa
1143 1771 1280 1812 mora3

270 1816 360 1857 Aut
391 1816 485 1857 f01a
516 1830 592 1856 vos
624 1815 810 1856 16110601
842 1818 915 1856 aut
947 1818 1099 1857 unctae
1132 1816 1243 1857 dona
1271 1791 1530 1870 palaestrae,

330 1875 526 1916 Flectitis
560 1877 633 1915 aut
664 1875 784 1915 freno
817 1874 926 1916 colla
958 1874 1150 1929 sequacis
1184 1875 1299 1928 equi3

271 1932 398 1975 Nunc
429 1934 644 1974 volucrem
676 1933 847 1987 laqueo,
877 1948 990 1974 nunc
1021 1933 1183 1987 piscem
1215 1932 1369 1974 ducitis
1400 1933 1546 1986 hamo3

330 1992 520 2033 Diluitur
551 1991 693 2046 posito
727 1991 860 2032 serior
891 1991 997 2032 hora
1028 2006 1162 2033 mero:

220 2061 252 2085 15
272 2049 352 2090 His
385 2051 490 2091 mihi
523 2053 780 2104 summotae,
810 2050 876 2091 vel
909 2051 945 2090 81
977 2050 1116 2091 minus
1150 2049 1304 2091 acriter
1335 2063 1455 2104 urar,

332 2107 453 2156 Quod
485 2109 658 2163 faciam,
690 2112 883 2162 superest
915 2112 1084 2162 praeter
1116 2123 1257 2149 amare
1288 2108 1408 2148 nihil.

273 2165 395 2215 Quod
427 2170 638 2221 superest,
668 2167 779 2208 facio
813 2170 957 2221 teque,
989 2181 1012 2208 0
1045 2182 1141 2208 mea
1172 2167 1264 2208 sola
1294 2166 1510 2219 voluptas,

332 2225 434 2265 Plus
468 2240 653 2280 quoque,
686 2240 813 2279 quam
845 2225 962 2266 reddi
995 2226 1107 2279 quod
1138 2225 1243 2266 mihi
1274 2224 1429 2279 possit,
1461 2238 1568 2265 amo.

271 2283 361 2324 Aut
393 2297 472 2338 ego
506 2298 601 2323 cum
635 2299 731 2324 cara
763 2285 813 2325 de
845 2287 887 2325 te
918 2284 1083 2325 nutrice
1116 2297 1308 2337 susurro,

219 2353 252 2377 20
332 2341 530 2395 Quaeque
563 2345 704 2397 tuum,
736 2343 886 2397 miror,
918 2357 1045 2383 causa
1077 2345 1268 2383 moretur
1298 2342 1397 2395 iter,
