1674 2662
275 653 332 706 P.
379 652 569 707 OVIDI
611 651 900 707 NASONIS
945 652 1239 708 AMORES.

467 800 702 846 LIBER
750 800 1053 847 PRIMUS.

522 910 812 945 EPIGRAMMA
836 911 995 945 IPSIUS.

93 983 173 1032 Qui
206 983 331 1024 modo
364 982 550 1024 Nasonis
581 983 796 1023 fueramus
830 982 1013 1037 quinque
1045 983 1195 1037 libelli,

150 1041 253 1082 Tres
286 1056 448 1082 sumus:
479 1041 560 1082 hoc
591 1040 654 1081 illi
686 1041 889 1094 praetulit
916 1044 1064 1082 auctor
1097 1056 1219 1096 opus3

93 1099 153 1141 Ut
184 1100 270 1141 iam
300 1099 418 1140 nulla
449 1099 530 1140 tibi
556 1113 633 1140 nos
667 1099 723 1139 sit
753 1099 907 1154 legisse
939 1099 1149 1154 voluptas,

150 1158 210 1198 At
241 1157 374 1199 levior
406 1157 588 1212 demptis
620 1172 757 1211 poena
789 1157 953 1198 duobus
986 1158 1076 1199 erit.

42 1280 67 1315 I.
96 1274 228 1314 Arma
262 1274 381 1329 gravi
412 1287 589 1314 numero
623 1273 891 1326 violentaque
923 1274 1035 1314 bella
1067 1275 1272 1328 parabam

151 1332 300 1385 Edere,
331 1331 510 1372 materia
542 1331 816 1372 conveniente
849 1331 1003 1385 modis3

91 1389 175 1430 Par
207 1393 297 1431 erat
327 1389 503 1430 inferior
535 1404 698 1430 versus:
730 1389 874 1430 risisse
908 1388 1070 1444 Cupido

151 1448 320 1489 Dicitur
353 1451 480 1501 atque
513 1462 644 1488 unum
677 1447 931 1501 surripuisse
963 1448 1122 1502 pedem.

57 1529 72 1554 5
94 1505 212 1554 ‘Quis
245 1506 343 1560 tibi,
375 1520 497 1547 saeve
528 1520 651 1560 puer,
683 1505 797 1546 dedit
827 1505 909 1546 hoc
940 1506 986 1546 in
1017 1506 1205 1547 carmina
1236 1507 1370 1548 iuris?

149 1563 365 1605 Pieridum
395 1567 533 1618 vates,
563 1578 650 1605 11011
680 1567 755 1605 tua
785 1564 912 1604 turba
944 1579 1100 1605 sumus.

93 1621 220 1677 Quid,
251 1622 287 1663 si
317 1622 549 1676 praeripiat
580 1622 712 1663 flavae
745 1622 890 1663 Venus
924 1637 1041 1663 arma
1072 1620 1300 1678 Minervae,

151 1680 342 1721 Ventilet
374 1694 572 1722 accensas
604 1681 713 1721 flava
744 1680 936 1721 Minerva
967 1680 1112 1722 faces?

93 1738 195 1787 Quis
227 1738 380 1792 probet
411 1738 457 1779 in
489 1738 606 1780 silvis
639 1737 836 1779 Cererem
866 1753 1044 1794 regnare
1076 1739 1259 1794 iugosis‚

41 1819 73 1844 10
151 1796 265 1851 Lege
296 1796 566 1850 pharetratae
598 1797 777 1852 virginis
810 1812 910 1838 arva
942 1797 1053 1838 coli‘?

93 1852 293 1895 Crinibus
324 1854 537 1909 insignem
570 1855 664 1907 quis
697 1858 822 1896 acuta
854 1855 1026 1909 cuspide
1059 1855 1282 1896 Phoebum

150 1913 353 1966 Instruat,
384 1912 568 1953 Aoniam
600 1912 736 1953 Marte
770 1917 964 1955 movente
996 1913 1161 1967 lyram?

94 1969 202 2012 Sunt
234 1970 314 2011 tibi
345 1985 519 2025 magna,
550 1985 672 2025 puer,
702 1971 964 2025 nimiumque
995 1971 1190 2025 potentia
1221 1986 1369 2028 regna:

151 2027 236 2070 Cur
269 2043 373 2083 opus
408 2028 613 2082 adfectas,
645 2029 890 2084 ambitiose,
920 2029 1107 2070 novum?

41 2110 72 2134 15
92 2086 173 2141 An,
205 2087 318 2140 quod
349 2087 518 2141 ubique,
549 2087 743 2128 tuumst‘?
775 2090 848 2127 tua
878 2091 976 2129 sunt
1001 2087 1226 2130 Heliconia
1258 2090 1427 2144 tempe?

150 2145 234 2185 Vix
266 2144 393 2186 etiam
425 2143 599 2186 Phoebo
633 2146 718 2186 iam
749 2145 842 2199 lyra
873 2148 967 2187 tuta
998 2146 1145 2188 suast?

93 2201 200 2244 Cum
231 2203 337 2244 bene
369 2203 552 2244 surrexit
583 2218 707 2244 versu
737 2217 848 2257 nova
877 2205 1035 2260 pagina
1064 2205 1222 2260 primo,

150 2261 361 2302 Attenuat
392 2275 543 2302 nervos
575 2261 794 2315 proximus
824 2261 896 2304 ille
928 2278 1063 2318 meos3

91 2318 182 2361 Nec
214 2319 320 2361 mihi
352 2318 574 2361 materiast
604 2319 791 2361 numeris
823 2320 1053 2364 levioribus
1087 2325 1204 2377 apta,

162 2393 253 2419 Ovm.
283 2401 303 2419 1.
1122 2394 1138 2423 1
