1674 2662
680 165 843 191 473—546.
1354 152 1436 194 261

31 265 84 291 510
162 252 220 294 Et
250 252 368 292 nulla
397 251 444 292 in
473 251 594 292 vultu
627 250 750 305 signa
782 248 964 290 dolentis
995 248 1121 289 habe!

100 310 194 352 Iam
224 313 355 365 ponet
386 309 542 363 fastus,
573 324 669 350 eum
700 311 742 349 te
774 308 974 362 languere
1006 306 1182 348 videbit:

160 368 255 410 Hoc
287 368 417 409 etiam
447 370 595 408 nostra
627 381 779 407 munus
813 366 865 406 ab
899 368 988 406 arte
1019 365 1139 405 feres.

102 426 159 468 Te
192 440 359 480 quoque
390 426 491 466 falle
522 428 685 478 tamen,
715 438 792 465 nee
825 423 881 464 sit
912 423 993 464 tibi
1024 423 1121 463 finis
1154 421 1322 463 amandi

160 484 429 538 Propositus:
460 483 591 524 frenis
625 497 748 539 saepe
779 484 991 536 repugnat
1023 495 1166 534 equus.

33 555 82 582 515
102 541 280 584 Utilitas
311 543 462 596 lateat,
494 541 607 595 quod
636 554 724 581 non
753 540 1027 594 profitebere,
1057 539 1146 579 fiet:

162 600 278 649 Quae
308 600 436 640 nimis
469 601 674 653 apparent
704 598 829 652 retia,
860 597 970 638 vitat
1002 597 1102 638 avis.

102 657 191 700 Nee
224 658 306 699 sibi
337 661 427 699 tam
457 658 624 712 placeat
653 670 731 697 nee
763 659 805 696 te
837 658 1106 696 contemnere
1137 655 1291 709 possit!

161 715 288 758 Sume
321 717 504 770 animos,
537 714 689 756 animis
722 714 842 755 cedat
872 717 921 754 ut
951 713 1027 754 illa
1057 713 1159 754 tuis!

101 774 235 815 Ianua
265 774 376 815 forte
407 777 542 828 patet:
576 772 768 826 quamvis
799 772 1070 824 revocabere,
1101 771 1254 826 transi3

32 845 82 871 520
160 833 241 874 Est
273 833 371 873 data
401 846 503 872 nox:
535 831 685 872 dubita
714 833 840 871 noete
871 830 1014 871 venire
1046 830 1161 870 data!

102 890 234 932 Posse
265 890 356 944 pati
387 890 573 942 facilest,
604 888 696 942 ubi,
726 888 771 928 111
803 888 1012 942 sapientia
1043 888 1169 942 desit7

160 948 364 989 Protinus
396 963 446 989 ex
476 947 592 988 facili
625 947 780 1001 gaudia
810 946 920 986 ferre
951 946 1063 987 lieet.

100 1007 160 1048 Et
192 1007 418 1062 quisquam
447 1008 674 1060 praecepta
704 1007 849 1058 potest
879 1018 974 1044 mea
1005 1004 1110 1044 dura
1141 1003 1321 1044 vocare?

159 1064 245 1119 En,
276 1064 406 1105 etiam
436 1067 579 1118 partes
612 1062 878 1104 conciliantis
911 1074 1003 1116 agO.

32 1135 83 1162 525
102 1122 214 1164 Nam
247 1123 449 1176 quoniam
479 1121 647 1163 variant
679 1120 825 1174 animi,
857 1120 1117 1161 variabimus
1150 1123 1279 1160 artes:

161 1180 277 1221 Mille
309 1180 411 1221 mali
444 1179 622 1234 speeies,
654 1179 770 1219 mille
803 1178 952 1219 salutis
984 1181 1119 1218 erunt.

103 1237 293 1293 Corpora
323 1238 394 1279 vix
424 1237 537 1278 ferro
571 1237 777 1291 quaedam
809 1239 1013 1277 sanantur
1045 1239 1187 1290 aouto3

160 1296 382 1337 Auxilium
413 1296 560 1337 multis
593 1309 719 1336 sucus
752 1297 794 1335 et
823 1295 957 1335 herba
987 1293 1081 1334 fuit.

102 1355 276 1396 Mollior
307 1369 350 1395 es
381 1369 518 1407 neque
551 1353 666 1394 abire
697 1356 820 1407 potes
851 1352 1102 1405 vinctusque
1134 1352 1310 1407 teneris,

33 1426 84 1452 530
161 1413 219 1454 Et
251 1417 326 1454 tua
358 1427 507 1453 saevus
539 1411 674 1452 Amor
706 1411 784 1452 sub
816 1410 920 1464 pede
953 1410 1063 1451 colla
1093 1411 1266 1464 premit:

102 1471 259 1513 Desine
290 1471 460 1512 luctari!
492 1469 677 1511 referent
707 1472 782 1509 tua
813 1469 988 1509 carbasa
1018 1468 1154 1523 venti;

161 1529 335 1583 Quaque
367 1531 522 1570 vocant
551 1528 723 1581 fluetus,
754 1527 834 1567 hac
865 1527 947 1567 tibi
977 1541 1118 1567 remus
1151 1527 1234 1568 eat!

102 1587 367 1641 Explendast
398 1587 492 1628 sitis
525 1586 609 1627 ista
640 1585 720 1626 tibi
728 1619 739 1639 ,
770 1599 853 1638 qua
883 1585 1074 1639 perditus
1107 1585 1242 1626 ardes:

165 1644 381 1699 Cedimus3
414 1660 435 1686 e
467 1644 606 1685 medio
637 1643 723 1684 iam
754 1643 855 1684 licet
887 1657 1008 1683 amne
1040 1642 1174 1683 bibas.

33 1715 83 1741 535
105 1702 185 1745 Sed
218 1703 315 1744 bibe
346 1704 442 1758 plus
475 1703 624 1756 etiam,
662 1716 789 1756 quam
821 1701 933 1754 quod
961 1701 1209 1754 praecordia
1238 1705 1438 1757 poscunt3

163 1761 345 1802 Gutture
376 1760 444 1802 fae
474 1761 601 1814 pleno
635 1763 804 1813 sumpta
835 1759 1040 1800 redundet
1072 1760 1197 1812 aqua!

101 1819 323 1861 Perfruere
355 1833 488 1872 usque
520 1821 595 1858 tua
624 1818 743 1858 nullo
774 1817 1028 1871 prohibente
1059 1817 1217 1871 puella:

160 1877 242 1918 Illa
273 1877 353 1918 tibi
383 1879 532 1918 noctes
564 1875 745 1929 auferat,
775 1875 850 1916 illa
882 1875 982 1915 dies.

102 1934 259 1976 Taedia
290 1949 443 1989 quaere
475 1934 593 1975 mali:
624 1933 788 1974 faciunt
820 1936 861 1973 et
893 1933 1033 1973 taedia
1063 1933 1210 1988 finem3

33 2003 83 2030 ⁵40
159 1993 252 2034 Iam
284 2007 469 2047 quoque,
501 2007 597 2033 eum
629 1992 772 2033 eredes
803 2005 928 2045 posse
961 2005 1121 2045 carere,
1151 2006 1291 2046 mane,

101 2050 216 2092 Dum
247 2052 353 2092 bene
385 2054 427 2092 te
460 2050 648 2092 cumules
681 2053 722 2090 et
755 2049 877 2103 eopia
908 2049 1034 2090 tollat
1066 2064 1271 2104 amorem,

159 2109 218 2150 Et
248 2109 442 2150 fastidita
472 2122 559 2149 non
588 2108 706 2149 iuvet
737 2122 828 2148 esse
861 2107 997 2148 domo.

101 2166 173 2208 Fit
205 2181 372 2221 quoque
403 2168 558 2221 longus
592 2180 728 2219 amor,
760 2180 885 2219 quem
917 2165 1153 2206 diffidentia
1182 2165 1336 2206 nutrit:

159 2225 284 2266 Hunc
316 2228 364 2266 tu
396 2225 431 2266 si
464 2238 640 2278 quaeres
671 2237 846 2278 ponere,
877 2238 987 2277 pone
1019 2224 1197 2265 metum!

32 2293 82 2319 ⁵45
103 2283 184 2332 Qui
215 2283 358 2337 timet,
387 2286 436 2323 ut
469 2297 545 2323 sua
577 2282 650 2335 sit,
680 2282 830 2335 nequis
863 2282 945 2322 sibi
977 2282 1173 2323 detrahat
1203 2281 1340 2336 illam,

158 2341 236 2382 Ille
268 2340 522 2382 Machaonia
553 2340 623 2381 vix
656 2354 733 2394 ope
767 2355 894 2381 sanus
927 2340 1024 2382 erit:
