1690 2656
349 150 432 192 208
800 151 903 185 ARS
929 149 1232 185 AMATORIA.

347 244 559 299 Pluraque
592 246 817 300 pingebat,
849 245 1016 286 subitus
1050 259 1146 286 cum
1177 244 1386 300 Pergama
1417 245 1572 287 fluctus

278 316 328 340 140
406 304 602 345 Abstulit
634 307 676 344 et
707 303 840 344 Rhesi
872 318 968 344 cum
1000 303 1104 344 duce
1137 306 1277 344 castra
1309 318 1403 357 suo3

347 361 456 403 Tum
489 363 566 402 dea
599 361 734 416 ‘quas'
766 362 908 415 inquit
942 361 1062 402 ‘fidas
1093 361 1175 402 tibi
1208 361 1342 403 credis
1374 361 1508 417 ituro,

405 420 674 461 Perdiderint
705 421 841 461 undae
873 420 1047 461 nomina
1080 423 1257 475 quanta,
1289 419 1449 461 vides?'

347 479 465 532 Ergo
498 493 595 533 age,
626 479 769 520 fallaci
802 479 949 520 timide
983 478 1146 519 confide
1178 479 1359 534 figurae,

407 536 608 591 Quisquis
641 551 684 578 es
694 571 704 591 ‚
736 540 864 591 atque
897 537 1058 590 aliquid
1091 551 1267 591 corpore
1299 537 1433 591 pluris
1465 536 1592 578 habe!

277 608 327 632 145
346 595 534 636 Dextera
564 596 791 650 praecipue
824 595 939 650 capit
968 595 1238 650 indulgentia
1268 598 1450 651 mentes3

404 654 628 707 Asperitas
662 654 806 695 odium
838 668 1047 707 saevaque
1079 654 1192 694 bella
1223 657 1377 695 movet.

347 711 523 753 Odimus
556 712 822 766 accipitrem,
854 713 954 766 quia
985 712 1090 754 vivit
1124 726 1289 766 semper
1319 713 1364 752 in
1396 712 1543 767 armis,

404 770 463 811 Et
494 771 696 825 pavidum
729 771 880 812 solitos
911 771 957 811 in
986 785 1116 825 pecus
1148 770 1208 811 ire
1240 771 1385 825 lupos3

346 828 405 869 At
439 832 555 870 caret
585 829 751 870 insidiis
783 829 1024 882 hominum,
1057 828 1156 882 quia
1187 829 1323 883 mitis,
1352 829 1554 884 hirundo,

277 899 327 923 150
406 886 604 941 Quasque
637 888 750 929 colat
782 890 940 942 turres,
972 886 1158 928 Chaonis
1191 887 1277 928 ales
1309 887 1451 929 habet.

346 945 451 986 Este
483 947 650 1000 procul,
681 946 778 987 lites
812 949 854 987 et
886 960 1054 987 amarae
1085 946 1249 1000 proelia
1280 945 1469 1001 linguae!

404 1004 613 1045 Dulcibus
647 1008 712 1045 est
742 1004 882 1045 verbis
915 1004 1057 1045 mollis
1090 1004 1264 1044 alendus
1297 1018 1426 1045 amor.

345 1062 441 1103 Lite
474 1062 625 1117 fugent
655 1065 898 1117 nuptaeque
930 1062 1044 1103 viros
1075 1066 1316 1116 nuptasque
1348 1062 1493 1103 mariti

404 1120 538 1174 Inque
571 1121 706 1161 vicem
740 1121 913 1162 credant
944 1135 1010 1161 res
1045 1120 1126 1161 sibi
1159 1135 1325 1174 semper
1357 1120 1445 1176 agi3

277 1190 326 1215 155
346 1178 439 1219 Hoc
472 1179 592 1220 decet
625 1193 794 1220 uxores:
828 1180 903 1220 dos
937 1182 1001 1219 est
1033 1179 1184 1219 uxoria
1214 1179 1331 1234 lites3

404 1237 565 1278 Audiat
598 1240 768 1291 optatos
803 1251 968 1291 semper
1001 1237 1137 1278 amica
1169 1238 1313 1278 sonos!

345 1294 445 1336 Non
476 1295 584 1350 legis
615 1295 736 1336 iussu
766 1296 925 1336 lectum
956 1295 1134 1336 venistis
1166 1295 1212 1336 in
1241 1310 1391 1351 unum3

403 1354 618 1408 Fungitur
648 1354 693 1394 in
724 1354 846 1395 vobis
878 1368 1051 1395 munere
1081 1354 1190 1409 legis
1222 1353 1368 1395 Amor.

345 1412 583 1453 Blanditias
615 1412 765 1453 molles
799 1427 1027 1466 auremque
1058 1412 1252 1453 iuvantia
1282 1413 1411 1454 verba

276 1482 326 1506 160
404 1470 555 1525 Adfer,
586 1474 634 1512 ut
667 1471 851 1512 adventu
881 1471 995 1512 laeta
1028 1471 1084 1512 sit
1115 1471 1190 1511 illa
1221 1474 1308 1512 tuo.

345 1528 446 1570 Non
477 1543 556 1584 ego
590 1529 794 1570 divitibus
826 1529 949 1571 venio
981 1532 1232 1584 praeceptor
1265 1529 1450 1570 amandi:

402 1587 477 1628 Nil
510 1603 616 1642 opus
649 1591 714 1629 est
745 1588 828 1642 illi,
860 1587 932 1641 qui
964 1588 1101 1642 dabit,
1135 1590 1224 1628 arte
1257 1602 1369 1641 mea3

346 1644 498 1687 Secum
529 1646 660 1687 habet
690 1646 929 1701 ingenium,
965 1646 1055 1700 qui,
1086 1660 1181 1687 cum
1213 1645 1332 1700 libet,
1364 1645 1538 1700 ‘accipe’
1571 1646 1684 1688 dicit.

404 1704 620 1745 Cedimus!
653 1704 838 1745 inventis
870 1705 965 1758 plus
996 1704 1138 1758 placet
1168 1704 1240 1745 ille
1272 1704 1388 1745 meis.

276 1774 324 1799 1⁶5
344 1762 610 1817 Pauperibus
643 1766 761 1803 vates
795 1777 873 1817 ego
908 1777 1019 1816 sum,
1052 1762 1152 1816 quia
1182 1777 1343 1816 pauper
1375 1762 1531 1804 amavi:

404 1819 511 1862 Cum
543 1821 642 1862 dare
673 1835 760 1861 non
790 1835 960 1875 possem
993 1835 1187 1874 munera,
1218 1821 1347 1862 verba
1379 1821 1541 1862 dabam.

344 1879 511 1933 Pauper
543 1882 655 1920 amet
687 1882 829 1933 caute,
859 1879 1011 1920 timeat
1042 1879 1293 1920 maledicere
1323 1894 1484 1934 pauper

402 1937 622 1991 'Multaque
655 1937 858 1978 divitibus
890 1952 977 1978 non
1007 1938 1208 1992 patienda
1238 1937 1365 1978 ferat!

344 1994 412 2035 Me
445 1995 619 2036 memini
650 1996 809 2037 iratum
842 1996 1036 2037 dominae
1069 1996 1265 2037 turbasse
1298 1995 1493 2050 capillos:

275 2065 325 2089 170
403 2053 519 2095 Haec
552 2054 657 2095 mihi
691 2069 817 2108 quam
849 2054 1008 2095 multos
1042 2054 1220 2095 abstulit
1250 2054 1315 2095 ira
1340 2054 1445 2095 dies!

344 2110 434 2151 Nec
466 2115 569 2165 puto
601 2127 678 2154 nec
711 2112 824 2154 sensi
855 2113 1045 2153 tunicam
1076 2113 1278 2167 laniasse⁷
1310 2113 1382 2153 sed
1413 2112 1507 2166 ipsa

402 2169 597 2210 Dixerat:
630 2174 672 2212 et
703 2171 885 2225 pretiost
917 2171 990 2212 illa
1021 2171 1240 2225 redempta
1271 2185 1384 2225 meo3

344 2228 403 2267 At
436 2241 530 2280 vos,
562 2228 597 2268 si
631 2229 800 2283 sapitis7
830 2229 962 2270 vestri
994 2232 1170 2283 peccata
1201 2228 1397 2284 magistri

402 2285 592 2340 Effugite
625 2290 667 2327 et
700 2288 847 2340 culpae
880 2289 1034 2328 damna
1064 2288 1212 2328 timete
1245 2288 1379 2328 meae!

275 2356 324 2380 175
344 2342 514 2384 Proelia
545 2359 641 2385 cum
672 2344 862 2399 Parthis,
894 2361 990 2387 cum
1022 2346 1136 2387 culta
1167 2360 1250 2399 pax
1282 2345 1339 2386 sit
1370 2345 1506 2386 amica
