1674 2662
471 163 580 209 [XV]
608 161 818 197 SAPPHO
846 172 969 197 11—82.
1308 161 1393 201 175

119 257 201 300 Sed
232 261 332 299 tunc
364 258 609 312 praecipue,
641 272 736 298 cum
766 258 816 298 fit
846 256 1018 297 Amoris
1051 270 1168 310 opus.

57 316 175 357 Tunc
206 319 249 357 te
280 316 376 370 plus
409 315 536 356 solito
568 315 743 356 lascivia
773 318 921 356 nostra
950 314 1126 355 iuvabat

117 372 360 427 Crebraque
393 373 610 414 mobilitas
643 376 824 426 aptaque
858 372 985 413 verba
1015 372 1109 413 ioco

60 432 117 473 Et
149 432 279 485 quod,
310 432 384 473 ubi
417 431 640 472 amborum
672 430 811 472 fuerat
843 430 1019 472 confusa
1050 430 1266 484 voluptas,

7 502 40 528 50
115 489 330 530 Plurimus
361 489 408 529 in
438 490 551 530 lasso
585 502 760 542 corpore
791 489 974 544 languor
1006 491 1106 529 erat.

58 547 183 589 Nunc
215 548 296 588 tibi
330 546 530 589 Sicelides
562 547 737 587 veniimt
768 561 878 587 nova
908 546 1064 600 praeda
1094 546 1276 600 puellae:

117 605 227 654 Quid
257 605 363 646 mihi·
395 620 491 646 cum
522 604 692 645 Lesbo?
726 603 873 646 Sicelis
906 619 996 645 esse
1028 604 1136 645 volo.

58 664 118 705 At
149 677 224 704 vos
257 677 451 704 erronem
483 663 633 703 tellure
666 663 873 703 remittite
905 666 1065 715 vestra,

117 720 314 762 Nisiades
346 725 505 762 matres
538 720 817 774 Nisiadesque
848 735 997 774 nurus,

6 791 39 817 55
59 779 149 820 Nec
181 793 256 820 vos
289 779 503 833 decipiant
533 778 712 819 blandae
744 779 963 819 mendacia
994 778 1182 833 linguae!

119 836 235 885 Quae
267 837 369 878 dicit
399 837 541 890 vobis,
572 837 734 877 dixerat
766 840 863 877 ante
896 836 1013 877 mihi.

59 895 122 936 Tu
155 909 340 949 quoque,
377 909 484 948 quae
516 898 682 935 montes
716 894 922 947 celebras,
958 894 1162 947 Erycina,
1200 891 1394 945 Sicanos,

119 952 249 998 (Nam
281 956 355 993 tua
387 951 499 1005 sum)
532 952 620 992 vati
653 952 842 1005 consule,
875 952 988 1005 diva,
1019 953 1133 992 tuae!

60 1012 129 1052 An
161 1010 302 1065 gravis
333 1010 550 1064 inceptum
581 1010 748 1064 peragit
779 1010 952 1050 fortuna
984 1013 1176 1050 tenorem

7 1080 40 1106 eo
117 1068 175 1109 Et
206 1072 351 1109 manet
380 1068 426 1108 'm
457 1082 582 1109 cursu
614 1082 779 1121 semper
811 1068 964 1108 acerba
996 1068 1102 1108 suo?

61 1125 142 1168 Sex
174 1126 279 1167 mihi
309 1126 472 1167 natales
503 1126 660 1179 ierant,
692 1140 787 1166 cum
819 1126 929 1166 lecta
959 1125 1148 1179 parentis

117 1185 230 1225 Ante
262 1184 373 1225 diem
403 1183 600 1224 lacrimas
634 1197 730 1223 ossa
761 1183 906 1224 bibere
939 1198 1073 1237 meas3

61 1241 227 1297 Sparsit
260 1256 360 1295 opes
392 1241 524 1282 frater
555 1241 789 1282 meretricis
823 1244 970 1294 captus
1003 1255 1146 1282 amore

119 1300 336 1353 Mixtaque
368 1313 463 1340 cum
495 1298 610 1352 turpi
642 1299 795 1339 damna
825 1299 984 1352 pudore
1015 1299 1135 1352 tulit3

7 1369 42 1395 65
61 1357 219 1399 Factus
250 1357 374 1411 inops
407 1356 509 1411 agili
539 1356 707 1411 peragit
738 1356 847 1397 freta
880 1357 1046 1397 caerula
1077 1371 1212 1410 remo,

120 1415 317 1469 Quasque
349 1414 458 1455 male
491 1414 652 1467 amisit,
682 1428 794 1455 nunc
826 1414 935 1454 male
968 1414 1133 1467 quaerit
1166 1429 1284 1468 opes;

60 1473 130 1514 Me
163 1487 348 1527 quoque,
380 1473 492 1526 quod
524 1472 669 1513 monui
701 1472 807 1512 bene
839 1472 974 1512 multa
1005 1472 1204 1526 fideliter,
1236 1473 1343 1513 odit:

120 1531 213 1572 Hoc
245 1530 351 1572 mihi
382 1530 576 1584 libertas,
607 1530 687 1571 hoc
719 1530 790 1584 pia
820 1529 967 1584 lingua
999 1530 1130 1584 dedit3

61 1589 120 1630 Et
152 1593 371 1643 tamquam
403 1588 559 1641 desint,
591 1602 696 1641 quae
729 1602 795 1628 me
829 1588 917 1628 sine
949 1588 1030 1628 fine
1062 1587 1263 1643 fatigent,

11 1659 45 1684 ἰο
122 1647 378 1688 Accumulat
410 1661 530 1687 curas
562 1645 651 1686 filia
682 1660 812 1699 parva
842 1660 975 1699 meas3

63 1703 226 1746 Ultima
255 1708 305 1745 tu
335 1704 493 1745 nostris
527 1704 689 1745 accedis
722 1718 849 1745 causa
882 1703 1081 1757 querelis:

121 1762 222 1804 Non
254 1762 396 1817 agitur
426 1765 554 1803 vento
585 1765 733 1802 nostra
765 1762 908 1803 carina
941 1763 1033 1802 suo!

62 1820 192 1874 Ecce,
222 1820 364 1861 iacent
396 1819 504 1861 collo
537 1819 673 1873 sparsi
706 1820 794 1860 sine
825 1819 919 1873 lege
952 1819 1112 1873 capilli,

122 1877 212 1919 Nec
243 1877 399 1931 premit
431 1877 633 1918 articulos
663 1877 804 1918 lucida
837 1891 1003 1932 gemma
1035 1891 1169 1927 meos3

13 1947 43 1972 ⁷5
63 1935 193 1977 Veste
225 1939 349 1991 tegor
379 1935 471 1988 vili,
501 1935 708 1975 nullumst
739 1935 785 1975 in
816 1935 1002 1975 crinibus
1036 1949 1202 1987 aurum,

121 1993 222 2034 Non
251 1993 443 2034 Arabum
474 1996 620 2033 noster
651 1992 761 2033 dona
793 1992 969 2046 capillus
1000 1993 1140 2033 habet.

65 2049 143 2092 Cui
175 2051 290 2092 colar
319 2051 485 2104 infelix,
517 2053 589 2091 aut
622 2050 688 2091 cui
719 2050 927 2103 placuisse
958 2050 1177 2091 laborem?

122 2109 199 2149 Ille
231 2108 314 2149 mei
346 2109 485 2149 cultus
516 2108 666 2148 unicus
699 2111 846 2149 auctor
879 2108 989 2148 abes.

65 2166 194 2207 Molle
227 2181 366 2207 meum
397 2166 645 2220 levibusque
677 2179 750 2206 cor
781 2169 845 2206 est
876 2165 1074 2207 violabile
1106 2165 1222 2220 telis,

12 2236 46 2260 80
124 2224 182 2265 Et
215 2238 379 2278 semper
411 2227 597 2277 causast,
628 2238 702 2265 cur
734 2238 824 2278 ego.
845 2238 1010 2278 semper
1041 2238 1195 2277 amem,

66 2280 161 2323 Sive
193 2282 254 2322 ita
285 2282 477 2323 nascenti
507 2282 646 2336 legem
677 2281 816 2322 dixere
851 2280 1043 2336 Sorores,

122 2339 211 2381 Nec
245 2340 343 2380 data
376 2343 474 2380 sunt
505 2340 616 2380 vitae
647 2339 719 2380 fila
751 2354 895 2381 severa
925 2354 1060 2394 meae,
