1690 2656
199 111 284 152 1:20
727 110 1019 146 HEROIDES.

197 206 371 247 Numen
402 207 548 247 ubist?
581 206 654 246 ubi
688 206 758 246 di?
790 206 965 247 meritas
1000 207 1226 248 subeamus
1257 207 1303 248 in
1335 208 1441 262 alto,

126 276 178 301 120
256 265 320 305 Tu
352 265 513 306 fraudis
545 278 723 317 poenas,
755 264 1020 305 credulitatis
1053 267 1149 320 ego!

197 322 461 377 Conpressos
494 323 659 362 utinam
693 321 998 377 Symplegades
1030 323 1263 377 elisissent,

255 381 501 434 Nostraque
535 381 812 422 adhaererent
845 381 1014 422 ossibus
1047 396 1144 423 ossa
1175 382 1281 436 tuis,

194 439 285 480 Aut
316 454 394 479 nos
428 438 570 493 Scylla
602 454 733 493 rapax
766 439 942 480 canibus
974 439 1163 481 misisset
1195 441 1377 482 edendos

255 496 436 552 (Debuit
466 497 662 552 ingratis
683 496 825 551 Scylla
854 512 1007 539 nocere
1039 497 1161 553 viris)
1172 533 1181 553 ,

125 568 175 592 125
197 555 396 610 Quaeque
428 556 563 596 vomit
595 555 776 596 totidem
808 556 962 597 fluctus
995 557 1258 611 totidemque
1291 559 1501 613 resorbet,

258 613 350 654 Nos
385 628 552 667 quoque
585 613 829 655 Trinacriae
863 615 1159 669 supposuisset
1192 617 1341 669 aquae!

199 671 354 726 Sospes
388 673 440 713 ad
471 672 732 713 Haemonias
765 673 987 726 victorque
1019 674 1244 715 reverteris
1278 675 1422 729 urbes3

254 729 437 771 Ponitur
469 731 521 771 ad
552 731 716 784 patrios
750 746 878 772 aurea
909 732 1007 773 lana
1039 732 1150 773 deos.

196 789 307 837 Quid
338 789 520 830 referam
551 789 694 830 Peliae
725 792 849 830 natas
881 790 1041 844 pietate
1073 794 1275 832 nocentes

124 859 176 883 130
257 846 475 901 Caesaque
506 847 700 903 Virginea
731 849 922 889 membra
953 852 1132 902 paterna
1163 850 1321 890 manu?

193 904 253 946 Ut
287 906 460 960 culpent
492 906 584 960 alii,
615 906 696 946 tibi
728 921 794 947 me
826 906 998 947 laudare
1030 911 1262 962 necessest,

252 963 336 1004 Pro
371 978 454 1017 quo
488 979 582 1005 sum
614 965 772 1005 totiens
806 980 896 1005 esse
930 968 1078 1006 coacta
1108 980 1277 1007 nocens.

192 1022 336 1063 Ausus
370 1037 413 1063 es
449 1022 509 1077 (01
541 1023 656 1063 iusto
690 1023 843 1064 desunt
876 1038 951 1064 sua
982 1024 1113 1064 verba
1145 1024 1320 1078 dolori),

251 1080 395 1121 Ausus
429 1095 472 1121 es
507 1080 724 1122 ‘Aesonia’
758 1082 895 1122 dicere
929 1082 1042 1123 <cede
1075 1082 1234 1123 domo?

123 1151 173 1175 135
194 1138 318 1180 Iussa
350 1139 476 1179 domo
510 1139 617 1180 cessi
648 1139 762 1180 natis
796 1140 1002 1180 comitata
1034 1141 1199 1181 duobus

250 1197 327 1251 Et,
360 1197 431 1250 qui
463 1212 529 1238 me
563 1198 755 1251 sequitur
788 1213 970 1252 semper,
1004 1213 1147 1239 amore
1180 1199 1255 1239 tui.

192 1253 253 1296 Ut
286 1256 429 1296 subito
461 1258 633 1296 nostras
665 1255 837 1309 Hymen
869 1260 1065 1297 cantatus
1101 1257 1153 1297 ad
1185 1272 1306 1298 aures

251 1313 402 1368 Venit,
434 1317 476 1354 et
509 1329 686 1355 accenso
718 1315 936 1368 lampades
967 1316 1067 1370 igne
1100 1315 1279 1370 micant,

192 1371 400 1425 Tibiaque
434 1373 612 1412 effundit
644 1373 820 1413 socialia
852 1373 1041 1414 carmina
1072 1374 1214 1428 vobis,

123 1441 173 1465 110
252 1430 311 1470 At
344 1430 450 1471 1111111
482 1430 657 1471 funerea
689 1431 900 1472 flebiliora
932 1433 1055 1486 tuba,

191 1488 401 1529 Pertimui
432 1503 510 1530 nec
544 1489 680 1530 adhuc
714 1493 883 1530 tantum
916 1491 1053 1531 scelus
1087 1505 1178 1531 esse
1210 1492 1433 1544 putabam:

253 1545 335 1587 Sed
366 1550 511 1588 tamen
541 1548 587 1587 in
618 1551 711 1588 toto
743 1551 915 1602 pectore
947 1548 1084 1603 frigus
1117 1552 1218 1589 erat.
1438 1551 1536 1601 [ter:

192 1605 335 1645 Turba
366 1609 497 1646 ruunt
530 1609 572 1646 et
600 1605 799 1660 eHymen'
828 1607 1014 1647 clamant
1041 1607 1316 1661 *Hymenaee’
1344 1608 1536 1662 frequen-

254 1664 346 1712 Quo
379 1664 555 1718 propior
586 1679 668 1705 vox
699 1664 823 1718 haec,
854 1665 934 1706 hoc
967 1665 1073 1705 1111111
1104 1666 1224 1719 peius
1258 1670 1359 1707 erat.

121 1733 170 1757 145
191 1722 362 1762 Diversi
393 1722 555 1762 flebant
587 1723 697 1763 servi
728 1722 1010 1776 lacrimasque
1044 1725 1266 1779 tegebant,

252 1779 373 1834 (Quis
406 1780 535 1821 vellet
567 1781 677 1821 tanti
710 1782 885 1822 nuntius
919 1796 1010 1822 esse
1043 1782 1192 1832 mali'?)

191 1838 259 1879 Me
293 1853 480 1893 quoque,
513 1839 719 1892 quidquid
752 1843 861 1893 erat,
892 1840 1036 1894 potius
1068 1841 1232 1882 nescire
1263 1842 1456 1897 iuvabat,

253 1895 334 1937 Sed
365 1900 586 1950 tamquam
619 1897 790 1952 scirem,
821 1913 940 1938 mens
972 1913 1067 1939 mea
1098 1899 1235 1940 tristis
1268 1903 1377 1954 erat,

194 1952 301 1994 Cum
333 1955 473 1995 minor
506 1970 526 1995 e
558 1956 700 2009 pueris
732 1956 873 1996 iussus
907 1957 1132 2010 studioque
1164 1957 1333 1998 videndi

123 2024 174 2048 150
255 2011 461 2053 Constitit
494 2014 546 2054 ad
580 2014 772 2068 geminae
804 2015 954 2055 limina
983 2015 1122 2069 prima
1153 2016 1274 2057 foris:

192 2070 303 2111 Hinc
336 2071 440 2111 1111111
476 2071 644 2126 tmater,
676 2073 760 2113 adi!
793 2087 995 2127 pompam
1026 2074 1162 2127 pater’
1194 2074 1336 2129 inquit
1369 2075 1510 2116 ‘Iason

250 2128 382 2169 Ducit
415 2132 456 2169 et
489 2130 710 2172 adiunctos
744 2146 896 2171 aureus
928 2138 1053 2189 urget
1084 2136 1242 2189 equos?

192 2186 395 2227 Protinus
430 2188 619 2229 abscissa
650 2189 795 2242 planxi
827 2204 922 2230 mea
952 2195 1127 2243 pectora
1158 2194 1294 2244 veste,

251 2245 362 2285 Tuta
392 2259 467 2285 nec
503 2261 527 2285 a
559 2246 705 2300 digitis
739 2262 813 2288 ora
844 2248 961 2288 fuere
993 2248 1109 2289 meis.

122 2303 259 2344 155110
292 2303 458 2344 animus
492 2304 653 2344 mediae
687 2306 893 2346 suadebat
923 2306 968 2346 in
1001 2307 1173 2361 agmina
1203 2307 1353 2347 turbae
