1706 2682
254 183 303 218 IV
779 180 1059 216 PRAEFATIO.

253 277 399 332 initi03
431 278 621 319 continet
652 277 803 318 Artem
837 275 1102 330 amatoriam,
1132 274 1348 330 Remedia,
1378 275 1589 317 Amorum

255 336 528 391 epigramma,
553 351 632 378 am.
653 335 686 390 I,
711 338 744 389 1,
764 335 892 389 3-2‚
910 334 965 375 49
990 332 1114 389 (olim
1134 336 1173 389 3,
1192 333 1254 390 2):
1280 334 1392 375 hunc
1420 349 1587 388 quoque

255 395 478 448 descripsit
508 394 557 435 R.
585 394 747 435 Merkel
778 392 910 447 praef.
935 408 975 447 p.
1001 391 1075 433 IV.
1106 391 1157 434 V.

370 452 537 494 Horum
569 453 761 493 codicum
794 452 847 492 ab
880 451 1148 506 auctoritate,
1178 451 1372 492 universe
1405 454 1452 492 ut
1483 450 1588 492 iudi-

255 513 390 565 cetur,
420 511 503 552 nisi
536 511 682 565 gravia
711 509 906 551 fallaciae
938 512 1190 565 argumenta
1223 510 1362 551 afferri
1394 513 1588 564 possunt,

253 569 391 610 recedi
421 584 509 609 non
539 569 665 610 licere
698 571 745 609 ut
777 568 849 609 alii
880 568 942 609 ita
973 582 1052 623 ego
1086 568 1282 622 arbitror,
1315 568 1507 622 quamvis
1533 582 1587 609 ne

254 641 326 668 eos
364 627 533 681 quidem
571 630 660 668 tam
698 627 785 668 suis
824 641 872 668 ac
909 626 1094 681 propriis
1129 641 1257 680 quam
1289 627 1586 668 communibus

253 686 320 727 vel
340 686 600 740 optimorum
620 685 813 727 codicum
835 709 884 714 —-
908 688 1035 738 atque
1061 685 1106 725 in
1131 699 1180 726 eo
1206 699 1383 726 numero
1403 685 1586 726 habendi

255 747 354 785 sunt
397 769 446 773 —
486 744 603 785 vitiis
646 744 840 785 laborare
882 743 1138 798 negaverim.
1199 743 1314 784 Nam
1357 758 1453 785 cum
1495 743 1586 798 ipse

254 816 400 843 eorum
438 803 693 857 archetypus
732 801 1070 856 corruptelarum
1105 816 1181 856 per
1211 802 1350 843 varias
1381 802 1586 843 lectiones

254 864 296 901 et
334 861 499 916 glossas
539 861 731 914 quamvis
769 875 887 901 raras
926 860 1092 901 additas
1136 860 1298 901 dederit
1342 860 1587 915 opportuni-

254 922 400 973 tatem,
424 922 517 960 tum
544 919 707 960 librarii
731 919 923 973 ipsorum
949 919 1131 959 maxime
1157 934 1231 973 per
1250 919 1586 974 haplographiae

254 980 296 1018 et
339 978 654 1033 dittographiae
692 992 820 1031 quam
863 977 1010 1018 dicunt
1053 992 1216 1019 errores
1261 977 1586 1032 littera-rumque

255 1035 457 1077 similium
493 1036 831 1077 vicissitudinem
872 1039 1171 1090 peccaverunt,
1209 1050 1467 1090 quamquam
1504 1036 1586 1077 toti

253 1094 339 1135 fere
381 1094 505 1135 liberi
549 1094 635 1135 sint
679 1095 731 1135 ab
777 1094 911 1148 omni,
955 1109 1061 1148 quae
1103 1094 1364 1148 posteriores
1408 1095 1587 1149 obsedit,

252 1153 581 1207 interpolatione
612 1153 839 1194 malitiosa.
894 1153 962 1193 Ita
992 1153 1053 1207 fit,
1083 1156 1132 1193 ut
1163 1167 1215 1193 ne
1246 1153 1291 1193 in
1323 1153 1383 1194 eis
1416 1153 1586 1207 quidem

252 1211 465 1266 partibus,
497 1226 600 1265 quas
634 1212 685 1252 ab
717 1211 802 1252 illis
834 1211 1013 1252 traditas
1045 1211 1270 1265 habemus,
1308 1212 1489 1252 aliorum
1522 1226 1586 1253 co-

254 1269 394 1311 dicum
434 1269 623 1310 subsidio
661 1270 933 1324 supersedere
970 1270 1204 1325 possimus3
1241 1270 1416 1311 adhibui
1453 1270 1587 1325 igitur

252 1331 421 1382 praeter
451 1328 548 1369 illos

369 1387 413 1427 in
443 1386 674 1427 Amoribus
710 1384 1033 1441 Sangallensem
1064 1401 1104 1427 n.
1132 1387 1216 1428 864
1250 1401 1355 1428 saec.
1376 1386 1438 1427 XI
1471 1385 1585 1442 (Am.

253 1445 383 1499 epigr.
411 1444 449 1499 I,
480 1448 520 1499 1,
549 1444 717 1498 1—III‚
746 1446 782 1498 7,
809 1446 862 1485 74
894 1448 937 1486 et
968 1445 1052 1499 III,
1080 1446 1117 1498 7,
1145 1445 1299 1499 75—9,
1332 1446 1404 1499 103
1433 1445 1585 1487 desunt

252 1503 285 1557 I,
310 1505 349 1557 6,
372 1504 516 1545 46--8
544 1502 650 1558 (non
675 1501 734 1557 9),
762 1502 835 1557 74)
867 1503 986 1544 cuius
1020 1503 1176 1544 codicis
1204 1503 1476 1544 collationem
1501 1519 1586 1545 una

253 1576 350 1602 cum
384 1561 675 1602 Parisinorum
716 1561 998 1615 descriptione
1038 1561 1359 1602 accuratissima
1395 1562 1501 1602 mihi
1539 1566 1586 1603 ut

254 1623 378 1661 antea
425 1620 474 1660 R.
524 1619 730 1660 Merkelio
785 1619 963 1673 aliisque
1019 1620 1305 1661 commodavit
1356 1620 1584 1675 singularis

252 1678 305 1718 H.
338 1678 468 1718 Keilii
499 1678 760 1732 benignitas3

367 1737 413 1776 in
443 1736 652 1790 Epistulis
678 1736 939 1777 Etonensem
972 1750 1077 1777 saec.
1110 1735 1171 1776 XI
1204 1736 1494 1778 continentem
1522 1753 1584 1792 ep.

252 1794 436 1848 I—VH,
475 1795 579 1848 154,
628 1794 747 1836 cuius
798 1794 954 1835 codicis
1004 1794 1253 1835 memoriam
1301 1795 1584 1850 notitiamque

251 1853 508 1894 instauravit
545 1853 598 1893 H.
638 1852 697 1894 St.
737 1851 980 1907 Sedlmayer
1018 1853 1068 1894 cf.
1100 1853 1222 1907 proll.
1259 1869 1298 1907 p.
1331 1854 1357 1895 5
1389 1868 1498 1909 sqq.,
1542 1858 1585 1896 et

254 1910 637 1966 Guelferbytanum
666 1926 705 1951 n.
729 1912 814 1952 260
842 1926 947 1952 saec.
967 1911 1074 1952 XIII
1105 1911 1228 1952 initio
1262 1915 1481 1953 exaratum
1515 1912 1584 1967 (cf.

253 1970 296 2012 C.
328 1970 504 2023 Dilthey
542 1970 652 2010 obss.
692 1968 924 2024 Gottingae
960 1970 1070 2011 1884
1105 1985 1143 2023 p.
1178 1971 1232 2011 10
1264 1971 1393 2025 adn.);
1430 1971 1585 2013 utrius-

254 2043 333 2083 que
361 2028 516 2069 codicis
542 2028 745 2069 lectiones
767 2027 928 2081 sumpsi
948 2042 998 2068 ex
1018 2028 1202 2069 editione
1224 2027 1585 2085 Sedlmayeriana3

369 2087 415 2126 in
434 2086 552 2127 Artis
578 2086 688 2126 libro
714 2086 851 2140 primo
873 2084 1155 2127 Oxoniensem
1176 2087 1343 2128 saeculo
1364 2087 1426 2128 IX
1445 2088 1584 2130 medio

253 2145 319 2185 vel
345 2147 534 2185 extremo
560 2144 778 2199 scriptum,
807 2159 932 2198 quem
958 2148 1075 2186 arcta
1101 2160 1197 2186 cum
1222 2144 1416 2186 Parisino
1441 2161 1584 2188 neces-

255 2203 439 2243 situdine
480 2203 771 2257 coniunctum,
814 2204 886 2243 sed
922 2203 996 2243 illo
1034 2206 1177 2244 tamen
1213 2203 1458 2245 inferiorem
1495 2205 1585 2245 dili-

256 2261 517 2316 gentissime,
547 2264 594 2301 ut
626 2261 746 2315 solet,
777 2261 1001 2315 descripsit
1033 2262 1297 2316 contulitque
1325 2262 1375 2303 R.
1401 2262 1508 2303 Ellis
1539 2263 1585 2303 in

255 2319 438 2361 Hermae
458 2319 746 2360 Berolinensis
766 2320 846 2361 vol.
867 2319 948 2361 XV
970 2336 1008 2374 p.
1029 2321 1279 2375 427—4323
1306 2321 1357 2361 ad
1382 2320 1585 2362 Remedia

255 2378 510 2419 recensenda
541 2378 653 2431 quod
678 2377 909 2419 Etonensis
943 2378 1098 2420 codicis
1131 2377 1201 2434 (de
1233 2379 1313 2420 hoc
1345 2378 1396 2420 cf.
1415 2378 1460 2419 Ρ.
1481 2378 1585 2420 Bur-
