1690 2656
262 153 344 195 158
770 150 1089 185 EPISTULAE.

319 249 518 291 Criminis
552 252 615 290 est
647 247 758 301 Tyro
790 247 937 287 fabula
968 260 1077 287 vana
1106 245 1171 287 tui

259 307 503 362 Lucidaque
535 307 725 360 Alcyone
758 304 995 360 Calyceque
1026 304 1298 346 Hecataeone
1329 308 1431 346 nata

319 367 376 408 Et
407 366 596 407 nondum
626 365 746 405 nexis
779 378 916 419 angue
948 363 1125 404 Medusa
1156 363 1288 404 comis

191 437 239 461 135
259 425 475 479 Flavaque
506 423 691 465 Laudice
725 423 925 476 caeloque
957 425 1128 476 recepta
1160 420 1361 476 Celaeno,

318 484 376 525 Et
408 498 588 537 quarum
619 481 794 523 memini
824 481 999 522 nomina
1029 481 1141 522 lecta
1173 480 1294 521 mihi:

258 542 348 583 Has
382 545 495 583 certe
526 541 754 596 pluresque
787 543 963 594 canunt,
993 538 1211 594 Neptune,
1241 541 1394 593 poetae

316 600 446 641 Molle
478 601 591 641 latus
622 600 747 640 lateri
780 598 1056 653 conposuisse
1088 601 1175 639 tuo.

259 659 344 701 Cur
374 659 526 714 igitur,
557 659 717 700 totiens
749 657 859 699 vires
893 659 1092 711 expertus
1125 656 1300 711 amoris,

189 730 238 754 140
317 717 557 759 Adsuetum
587 717 712 758 nobis
744 716 915 757 turbine
948 715 1107 757 claudis
1138 715 1250 756 iter?

258 776 408 831 Parce,
438 776 576 830 ferOX,
606 776 780 829 latoque
813 775 920 816 mari
952 777 1027 815 tua
1057 774 1220 829 proelia
1250 773 1398 815 misce!

319 835 490 877 Seducit
522 838 658 876 terras
690 835 794 875 haec
826 833 967 875 brevis
998 833 1111 874 unda
1143 833 1258 873 duas.

258 894 316 935 Te
349 895 468 935 decet
501 896 574 934 aut
606 907 784 948 magnas
817 907 1021 947 magnum
1051 891 1212 933 iactare
1245 890 1410 932 carinas

316 952 405 994 Aut
438 952 567 993 etiam
598 952 704 993 totis
737 951 944 992 classibus
978 965 1069 991 esse
1100 953 1282 1003 trucem3

188 1023 238 1048 145
258 1011 398 1065 Turpe
431 1011 508 1052 deo
540 1010 682 1065 pelagi
713 1010 909 1051 iuvenem
940 1012 1098 1049 terrere
1129 1011 1370 1063 natantem,

318 1069 591 1123 Gloriaquest
623 1072 776 1123 stagno
810 1067 1001 1121 quolibet
1032 1067 1117 1108 ista
1147 1066 1297 1107 minor.

257 1127 428 1170 Nobilis
460 1128 531 1169 ille
565 1128 778 1181 quidemst
810 1130 852 1167 et
884 1126 1021 1167 clarus
1055 1125 1238 1180 origine,
1270 1126 1342 1166 sed
1373 1140 1459 1166 non

315 1187 355 1228 A
387 1187 468 1228 tibi
501 1190 698 1240 suspecto
732 1185 848 1226 ducit
879 1183 1003 1225 Ulixe
1037 1198 1182 1239 genus.

256 1246 324 1287 Da
355 1246 523 1287 veniam
554 1258 758 1298 servaque
792 1244 912 1284 duos!
945 1245 1067 1283 natat
1097 1242 1187 1296 ille,
1219 1243 1291 1283 sed
1321 1242 1457 1283 isdem

188 1318 237 1341 150
317 1303 482 1358 Corpus
514 1303 716 1357 Leandri,
748 1317 844 1356 spes
876 1316 971 1342 mea
995 1301 1151 1355 pendet
1183 1301 1315 1354 aquis.

259 1362 451 1404 Sternuit
483 1365 524 1403 et
556 1362 717 1414 lumen,
750 1361 910 1415 (posito
942 1375 1041 1401 nam
1074 1359 1299 1401 scribimus
1331 1358 1425 1415 illo)

318 1421 510 1463 Sternuit
541 1424 583 1462 et
613 1420 738 1461 nobis
769 1434 975 1474 prospera
1006 1419 1130 1473 signa
1161 1418 1288 1459 dedit.

257 1481 386 1536 Ecce,
417 1494 582 1521 merum
612 1478 759 1519 nutrix
789 1478 954 1519 faustos
986 1477 1169 1518 instillat
1200 1477 1245 1517 in
1275 1477 1415 1532 ignes,

317 1539 536 1593 ‘Cras’que
569 1538 742 1578 eerimus
774 1536 931 1591 plures’
964 1536 1105 1589 inquit
1137 1538 1179 1576 et
1209 1536 1303 1589 ipsa
1334 1535 1456 1577 bibit.

187 1612 231 1636 15¹
256 1598 392 1640 Effice
423 1612 502 1638 nos
534 1598 696 1651 plures,
728 1596 865 1637 evicta
895 1609 970 1649 per
1002 1608 1186 1648 aequora
1217 1594 1380 1649 lapsus,

317 1656 350 1698 O
382 1656 552 1711 penitus
585 1658 678 1696 toto
712 1655 835 1696 corde
867 1656 1034 1707 recepte
1066 1652 1188 1693 mihi!

255 1716 307 1757 In
338 1719 414 1756 tua
446 1718 586 1756 castra
617 1713 724 1767 redi,
757 1712 862 1754 socii
893 1712 1083 1752 desertor
1115 1710 1287 1751 amoris!

315 1774 539 1815 Ponuntur
570 1772 708 1813 medio
741 1785 815 1812 cur
845 1785 940 1811 mea
970 1770 1162 1810 membra
1193 1769 1318 1810 toro?

258 1832 379 1881 Quod
410 1833 581 1886 timeas,
612 1845 699 1871 non
731 1832 814 1871 est:
847 1843 949 1870 auso
981 1827 1127 1869 Venus
1159 1828 1254 1882 ipsa
1284 1827 1445 1869 favebit

187 1905 237 1930 160
317 1890 486 1933 Sternet
519 1894 560 1931 et
592 1903 822 1943 aequoreas
856 1902 1037 1941 aequore
1069 1889 1171 1927 nata
1202 1886 1304 1927 vias.

256 1950 323 1991 Ire
355 1951 461 1991 libet
493 1949 652 1990 medias
684 1947 767 2002 ipsi
799 1946 904 1987 mihi
937 1960 1061 2000 saepe
1092 1960 1166 2000 per
1199 1945 1349 1999 undas,

317 2007 399 2049 Sed
431 2009 540 2049 solet
569 2008 651 2048 hoc
682 2005 872 2047 maribus
904 2005 1040 2045 tutius
1073 2018 1163 2045 esse
1195 2003 1363 2044 fretum.

256 2067 370 2108 Nam
402 2081 475 2108 cur
505 2067 585 2108 hac
617 2065 750 2107 vectis
781 2063 939 2104 Phrixo
971 2062 1201 2116 Phrixique
1235 2076 1378 2103 sorore

317 2124 417 2166 Sola
449 2126 563 2166 dedit
593 2124 726 2166 vastis
756 2122 915 2164 femina
944 2136 1101 2162 nomen
1133 2120 1283 2174 aquis?

187 2197 237 2222 165
257 2184 458 2226 Forsitan
490 2184 542 2224 ad
573 2183 756 2224 reditum
788 2184 953 2223 metuas
985 2195 1036 2221 ne
1070 2183 1264 2233 tempora
1295 2178 1451 2233 desint,

316 2243 404 2283 Aut
438 2242 596 2297 gemini
627 2255 811 2295 nequeas
844 2240 951 2281 ferre
983 2238 1142 2279 laboris
1177 2252 1300 2292 onus,

257 2303 316 2343 At
348 2315 424 2342 nos
459 2300 613 2341 diversi
644 2300 830 2340 medium
863 2312 1059 2340 coeamus
1090 2296 1135 2337 in
1167 2310 1324 2350 aequor

317 2359 534 2414 Obviaque
565 2358 610 2399 in
644 2358 819 2399 summis
853 2357 997 2398 oscula
1029 2356 1174 2396 demus
1208 2354 1346 2408 aquis,
