1674 2662
567 171 644 206 VH.
670 171 803 207 DIDO
831 182 955 208 15—88.
1376 175 1432 216 97

152 265 229 320 Et,
258 266 342 307 nisi
374 266 531 307 duritia
563 266 719 307 robora
749 267 902 321 vincis,
933 267 1026 309 eris.

95 324 223 378 Quid,
253 324 289 365 si
319 324 526 378 nescires,
553 324 704 365 insana
736 325 836 378 quid
869 340 1053 379 aequora
1083 327 1292 380 possunt?

153 382 366 436 Expertae
399 383 577 436 totiens,
608 386 697 423 tam
728 383 856 437 male,
887 384 1021 425 credis
1054 386 1204 438 aquae!

40 445 75 471 ⁵⁵
94 439 172 493 Ut,
202 440 355 496 pelago
388 441 591 481 suadente
620 441 767 494 etiam,
799 441 1033 483 retinacula
1065 443 1223 496 solvas,

153 498 291 539 Multa
321 501 466 539 tamen
496 499 610 539 latus
642 499 783 554 tristia
814 503 970 553 pontus
1002 500 1143 542 habet.

94 555 184 597 Nec
215 557 397 597 violasse
428 557 555 597 fidem
586 558 896 611 temptantibus
929 573 1114 613 aequora
1143 558 1333 613 prodest:

153 614 360 655 Perfidiae
391 629 550 668 poenas
583 615 717 670 exigit
746 615 818 656 ille
850 615 986 669 locus,

93 672 325 727 Praecipue
358 687 455 714 cum
485 673 624 714 laesus
658 688 794 727 amor,
826 674 925 726 quia
956 677 1092 715 mater
1123 675 1333 715 Amorum

39 738 75 764 60
153 729 280 772 Nuda
311 729 576 785 Cytheriacis
608 731 722 772 edita
752 731 887 772 fertur
919 732 1051 785 aquis.

93 788 266 830 Perdita
289 803 342 829 ne
372 789 564 843 perdam,
594 789 725 830 timeo
734 823 744 843 ,
773 803 1002 831 noceamve
1032 791 1221 844 nocenti,

152 846 248 888 Neu
278 847 401 887 bibat
433 861 664 900 aequoreas
695 847 929 902 naufragus
961 848 1099 889 hostis
1133 863 1275 902 aquas.

93 905 221 959 Vive,
251 906 416 959 precor!
450 905 511 946 sic
543 908 585 945 te
617 905 768 946 melius
801 920 928 959 quam
959 906 1106 946 funere
1140 907 1332 960 perdam:

152 963 216 1003 Tu
240 963 385 1017 potius
416 962 492 1003 leti
524 977 651 1003 causa
682 962 817 1003 ferere
845 963 940 1003 mei.

38 1029 74 1056 ⁶5
92 1022 247 1075 Finge,
278 1035 375 1076 age,
404 1024 448 1061 te
480 1021 627 1074 rapido
660 1021 840 1071 (nullum
873 1021 929 1061 sit
959 1021 1006 1061 in
1037 1021 1177 1062 omine
1208 1022 1408 1076 pondus!)

151 1079 338 1120 Turbine
370 1079 587 1133 deprendi:
620 1079 721 1132 quid
751 1079 832 1119 tibi
858 1079 1014 1120 mentis
1047 1080 1152 1122 erit?

92 1138 295 1179 Protinus
329 1140 551 1179 occurrent
580 1137 714 1178 falsae
744 1137 931 1191 periuria
961 1137 1132 1193 linguae

151 1196 210 1237 Et
239 1195 429 1250 Phrygia
458 1195 571 1236 Dido
602 1195 749 1236 fraude
782 1198 931 1237 coacta
964 1196 1091 1249 mori3

93 1254 298 1308 Coniugis
331 1257 428 1294 ante
461 1253 606 1294 oculos
638 1253 837 1307 deceptae
870 1254 1002 1294 stabit
1033 1254 1177 1309 imago

38 1322 74 1347 70
152 1312 306 1353 Tristis
339 1314 381 1352 et
413 1311 557 1352 effusis
590 1311 918 1366 sanguinulenta
951 1312 1094 1353 comis.

93 1370 204 1419 Quid
234 1369 387 1410 tantist
417 1372 466 1410 ut
496 1372 589 1410 tum
621 1368 788 1409 emerui!
822 1369 1070 1410 concedite!²
1104 1370 1237 1423 dicas,

153 1427 352 1481 Quaeque
385 1427 555 1481 cadent,
590 1427 637 1467 in
667 1430 710 1468 te
741 1427 921 1468 fulmina
952 1427 1083 1468 missa
1113 1428 1266 1482 putes?

92 1487 160 1528 Da
190 1487 317 1527 breve
349 1485 550 1527 saevitiae
584 1485 770 1539 spatium
800 1485 1026 1540 pelagique
1058 1488 1256 1540 tuaeque:

153 1544 322 1586 Grande
353 1558 497 1585 morae
527 1543 714 1598 pretium
745 1546 839 1584 tuta
869 1543 1015 1584 futura
1044 1544 1172 1585 viast!

40 1612 75 1639 '15
93 1602 183 1644 Nec
214 1602 321 1644 mihi
351 1605 401 1642 tu
432 1616 575 1656 curae3
604 1616 736 1656 puero
767 1605 968 1656 parcatur
999 1601 1110 1642 Iulo!

152 1661 211 1702 Te
244 1660 349 1702 satis
381 1662 446 1701 est
476 1660 653 1701 titulum
684 1660 835 1701 mortis
866 1660 1022 1701 habere
1055 1675 1184 1701 meae.

95 1719 204 1768 Quid
233 1733 339 1773 puer
369 1718 599 1772 Ascanius,
630 1718 731 1772 quid
763 1718 804 1759 di
836 1733 1025 1759 meruere
1057 1718 1268 1760 Penates?

152 1777 330 1833 Ignibus
363 1780 531 1831 ereptos
565 1777 717 1817 obruet
748 1777 860 1817 unda
892 1777 1009 1817 deos!

95 1834 178 1877 Sed
200 1850 337 1889 neque
362 1835 447 1876 fers
473 1838 634 1889 tecum,
662 1849 758 1889 nec,
789 1849 896 1889 quae
921 1834 1045 1888 mihi,
1076 1835 1252 1889 perfide,
1283 1835 1431 1890 iactas,

40 1903 76 1930 80
152 1893 405 1934 Presserlmt
435 1907 605 1934 umeros
638 1907 757 1934 sacra
787 1896 992 1947 paterque
1025 1897 1134 1933 tuos.

95 1951 248 1993 Omnia
277 1951 488 2005 mentiris,
517 1965 655 2004 neque
687 1951 800 1991 enim
830 1954 905 1991 tua
935 1951 1081 1991 fallere
1112 1951 1261 2006 lingua

152 2009 310 2064 Incipit
341 2025 365 2050 a
395 2009 538 2062 nobis,
569 2009 789 2063 primaque
820 2009 984 2062 plector
1015 2023 1112 2063 ego:

95 2066 141 2109 Si
173 2082 369 2122 quaeras,
398 2068 473 2108 ubi
506 2043 562 2108 sit
594 2067 771 2108 formosi
802 2069 938 2107 mater
968 2066 1069 2121 Iuli,

155 2125 320 2167 Occidit
352 2141 376 2166 a
406 2125 511 2166 duro
544 2125 634 2166 sola
665 2125 813 2166 relicta
844 2125 946 2165 viro.

41 2193 76 2219 85
94 2183 211 2225 Haec
243 2183 349 2224 mihi
379 2197 592 2224 narraras:
625 2186 669 2224 at
700 2197 767 2224 me
799 2183 985 2223 movere!
1021 2186 1254 2224 merentem

152 2241 256 2283 Ure:
288 2241 427 2283 minor
460 2241 583 2295 culpa
613 2255 751 2295 poena
781 2241 926 2282 futura
957 2244 1104 2282 meast

94 2298 183 2341 Nec
216 2300 321 2341 mihi
346 2313 466 2341 mens
492 2299 681 2353 dubiast,
712 2300 814 2353 quin
839 2302 882 2340 te
906 2302 981 2340 tua
1011 2299 1186 2341 numina
1212 2300 1429 2341 damnent:

153 2357 233 2399 Per
264 2373 399 2413 mare,
428 2372 503 2413 per
534 2361 670 2399 terras
702 2358 883 2412 septima
913 2358 1048 2399 iactat
1077 2358 1254 2413 hiemps.

166 2432 255 2458 Ovm.
280 2433 306 2458 1.
1129 2429 1147 2460 7
