1674 2662
640 189 666 233 Ι,
694 199 854 225 102—175.
1338 190 1420 231 187

88 284 310 325 Proximus
343 299 367 324 a
399 283 588 337 domina,
617 283 734 324 nullo
766 283 1039 338 prohibente,
1071 284 1233 338 sedeto,

19 355 70 380 140
146 342 280 397 Iunge
312 345 434 383 tuum
464 342 608 395 lateri,
638 355 721 395 qua
750 344 872 395 potes
904 355 1054 396 usque,
1084 342 1210 383 latus.

87 400 145 442 Et
176 400 301 454 bene,
332 400 445 453 quod
477 400 610 455 cogit,
643 400 679 440 si
709 399 835 454 nolit,
865 399 977 440 linea
1008 400 1147 455 iungi,

146 457 267 506 Quod
298 458 378 499 tibi
410 458 665 513 tangendast
696 457 789 512 lege
820 458 962 511 puella
994 457 1093 499 loci!

86 515 168 557 Hic
199 516 281 557 tibi
312 519 540 570 quaeratur
571 515 676 557 socii
708 515 913 556 sermonis
947 516 1086 571 origo,

145 573 204 615 Et
234 577 433 615 moveant
464 574 626 628 primos
650 572 828 627 publica
859 574 989 614 verba
1021 587 1159 615 sonos.

0 645 68 671 145
89 629 219 672 Cuius
251 632 349 685 equi
379 632 569 686 veniant,
599 631 730 672 facito
763 631 952 672 studiose
983 632 1192 686 requiras

0 697 1 760 1
145 689 235 731 Νο0
266 704 403 744 111013,
435 689 626 744 quisquis
659 689 757 742 erit,
788 689 855 730 cui
887 689 1002 730 favet
1031 690 1124 744 illa,
1154 690 1264 730 fave!

88 748 147 788 At
179 762 275 788 cum
305 724 461 802 ponipa
492 748 690 801 frequens
723 748 984 788 certantibus
1015 747 1098 788 ibit
1113 724 1323 802 yephebis,

145 805 209 846 Tu
240 805 396 846 Veneri
429 805 622 846 dominae
653 805 805 859 plaude
836 805 1005 846 favente
1037 820 1183 860 manu,

87 861 229 917 thue
260 863 326 916 fit,
357 864 402 904 in
434 864 642 918 gremium
673 863 812 917 pulvis
845 863 880 904 si
911 863 1021 905 forte
1051 864 1217 918 puellae

18 934 68 959 150
145 921 379 975 Deciderit,
410 921 557 976 digitis
590 921 863 962 excutiendus
896 921 994 972 erit,

86 979 144 1020 Et
177 979 212 1020 si
242 979 383 1020 nullus
416 979 497 1019 erit
526 978 684 1033 pulvis,
715 982 858 1019 tamen
890 982 1038 1020 excute
1068 979 1250 1020 nullum:

143 1035 366 1085 Quaelibet
399 1037 540 1078 officio
573 1051 701 1077 causa
733 1037 789 1077 sit
820 1039 921 1090 apta
951 1040 1038 1078 tuo.

84 1093 220 1135 Pallia
253 1095 288 1135 si
320 1098 434 1136 terra
464 1095 643 1135 nimium
675 1094 858 1135 demissa
887 1095 1106 1148 iacebunt,

144 1151 308 1208 Collige
340 1156 382 1194 et
411 1153 615 1193 inmunda
646 1153 815 1193 sedulus
847 1153 948 1193 effer
977 1153 1126 1208 humo3

16 1224 65 1249 155
85 1209 304 1264 Protinus,
337 1210 466 1251 officii
497 1211 700 1264 pretium,
730 1211 919 1264 patiente
950 1211 1092 1264 puella

144 1267 405 1323 Contingent
437 1268 569 1309 oculis
602 1282 725 1309 crura
753 1268 933 1308 videnda
963 1269 1061 1309 tuis.

83 1325 264 1380 Respice
295 1329 530 1380 praeterea,
561 1330 660 1379 post
690 1340 765 1366 vos
799 1326 1053 1380 quicumque
1087 1327 1268 1381 sedebit,

142 1383 208 1425 Ne
238 1388 405 1438 premat
437 1384 634 1438 opposito
667 1383 814 1424 mollia
845 1386 967 1438 terga
1000 1398 1122 1438 genu.

83 1441 220 1483 Parva
250 1442 355 1483 levis
388 1442 562 1496 capiunt
593 1441 774 1482 animos:
806 1441 888 1482 fuit
918 1441 1022 1482 utile
1054 1442 1200 1483 multis

14 1513 65 1539 160
143 1500 370 1541 Pulvinum
401 1499 516 1541 facili
548 1500 823 1554 conposuisse
854 1514 1000 1553 manu3

83 1557 251 1599 Profuit
282 1561 325 1599 et
356 1558 474 1598 tenui
504 1561 632 1599 vento
663 1558 847 1598 movisse
878 1557 1079 1598 tabellam

141 1616 199 1656 Et
231 1630 333 1657 cava
365 1617 443 1657 sub
475 1619 668 1656 tenerum
700 1629 871 1657 scamna
903 1615 1066 1656 dedisse
1097 1615 1257 1669 pedem.

83 1673 174 1714 Hos
208 1674 345 1714 aditus
379 1674 597 1728 circusque
628 1688 739 1714 novo
771 1673 993 1727 praebebit
1025 1673 1159 1714 amori

144 1730 382 1786 Sparsaque
415 1732 599 1772 sollicito
631 1732 769 1772 tristis
802 1731 961 1772 harena
991 1731 1097 1772 foro.

14 1802 64 1827 165
84 1789 164 1830 Illa
196 1804 319 1843 saepe
351 1804 456 1843 puer
485 1789 664 1830 Veneris
694 1789 903 1844 pugnavit
933 1789 1110 1843 harena,

141 1847 216 1901 Et,
248 1847 319 1901 qui
352 1847 560 1901 spectavit
591 1847 782 1901 vulnera,
813 1847 965 1887 vulnus
996 1846 1143 1888 habet:

82 1905 198 1946 Dum
227 1905 418 1959 loquitur
449 1905 673 1959 tangitque
705 1919 877 1945 manum
907 1904 1131 1958 poscitque
1162 1904 1355 1946 libellum

140 1963 198 2004 Et
232 1963 396 2016 quaerit
426 1963 568 2016 posito
600 1963 797 2017 pignore,
827 1963 970 2003 vincat
1000 1966 1113 2016 uter,

84 2019 262 2062 Saucius
293 2020 505 2075 ingemuit
535 2020 750 2074 telumque
782 2019 954 2060 volatile
987 2020 1120 2061 sensit

14 2091 66 2116 170
141 2079 200 2119 Et
230 2093 329 2132 pars
363 2078 543 2132 spectati
574 2078 760 2118 muneris
791 2077 882 2131 ipse
913 2077 1005 2118 fuit.

83 2135 210 2190 Quid,
240 2137 365 2177 modo
398 2151 494 2177 cum
526 2136 626 2176 belli
657 2135 819 2176 navalis
849 2135 1035 2190 imagine
1068 2134 1224 2177 Caesar

139 2193 335 2234 Persidas
366 2194 533 2234 induxit
565 2191 874 2258 Cecropiasque
905 2193 1047 2234 rates?

80 2251 244 2306 Nempe
283 2252 335 2293 ab
373 2255 554 2316 utroque
588 2251 695 2292 mari
726 2252 916 2306 iuvenes,
932 2251 1006 2292 ,31)
1037 2254 1218 2306 utroque
1249 2252 1415 2306 puellae

138 2309 321 2364 Venere
353 2312 480 2363 atque
510 2309 662 2364 ingens
695 2309 810 2350 orbis
840 2309 885 2350 in
905 2285 1032 2350 Urbe
1062 2309 1156 2351 fuit.

13 2378 63 2404 1⁷5
82 2366 185 2416 Quis
215 2381 303 2409 non
332 2367 495 2409 invenit
525 2368 670 2422 turba,
702 2368 814 2421 quod
845 2371 1023 2422 amaret,
1052 2367 1099 2408 in
1127 2368 1230 2408 illa‘?
