1690 2656
349 149 433 190 256
764 150 1018 184 REMEDIA
1042 150 1266 186 AMORIS.

278 255 329 280 325
350 243 442 293 Qua
472 247 614 299 potes,
645 244 690 285 in
720 244 842 298 peius
876 245 996 286 dotes
1029 245 1203 287 deflecte
1235 245 1400 300 puellae

406 302 702 357 Iudiciumque
721 303 853 343 ‘brevi
885 303 1021 344 limite
1053 303 1154 344 falle
1186 307 1320 345 tuum.

347 360 553 415 Tui-gida,
585 360 621 401 si
652 361 839 415 plenast,
872 361 907 402 si
939 361 1119 416 fuscast,
1150 361 1275 417 nigra
1305 365 1497 418 vocetur,

407 419 457 459 ln
490 418 639 473 gracili
671 419 828 460 macies
862 419 1022 460 crimen
1052 420 1209 461 habere
1242 423 1403 475 potest3

348 477 405 517 Et
436 477 595 531 poterit
627 477 709 518 dici
740 477 955 532 petulans,
987 492 1094 532 quae
1125 478 1287 520 rustica
1316 493 1405 519 non
1435 481 1518 534 est,

277 545 328 570 330
405 535 464 576 Et
495 535 655 589 poterit
687 535 770 577 dici
800 536 979 591 rustica,
1011 536 1134 590 siqua
1165 537 1353 590 probast.

349 592 461 641 Quin
493 593 641 649 etiam,
673 608 939 648 quacumque
972 598 1087 636 caret
1119 597 1194 635 tua
1224 594 1384 636 femina
1415 595 1533 650 dote,

404 651 527 693 Hanc
560 656 747 707 moveat,
778 653 944 693 blandis
977 667 1111 706 usque
1142 667 1314 707 precare
1347 653 1480 694 sonis:

346 709 502 764 Exige,
534 710 598 751 uti
631 713 793 765 cantet,
825 711 990 764 siquast
1023 711 1112 752 sine
1145 726 1246 753 voce
1278 711 1438 766 puella3

404 768 509 823 Fac,
541 769 688 824 saltet,
717 768 856 810 nescit
888 768 1011 823 siqua
1042 783 1211 811 movere
1242 771 1433 811 manum!

275 836 326 861 33)
347 827 538 868 Barbara
571 830 824 868 sermonest:
856 827 942 882 fac,
973 831 1115 869 tecum
1147 828 1283 869 multa
1312 828 1531 884 loquatur,

405 885 505 926 Non
537 885 684 927 didicit
717 886 897 927 chordas
929 889 1123 941 tangere:
1154 900 1281 940 posce
1312 887 1465 941 lyram!

345 943 505 984 Durius
538 943 714 985 incedit:
745 944 831 998 fac,
861 944 1117 999 inambulet3
1149 958 1273 985 omne
1303 944 1488 999 papillae

402 1001 559 1043 Pectus
590 1003 768 1043 habent:
800 1002 952 1043 Vitium
984 1002 1117 1043 fascia
1148 1003 1265 1043 nulla
1296 1004 1432 1057 tegat!

346 1058 391 1100 Si
423 1060 534 1101 male
565 1060 799 1115 dentatast,
829 1075 973 1115 narra,
1006 1061 1118 1113 quod
1149 1061 1303 1115 rideat,
1333 1061 1415 1115 illi3

275 1127 325 1152 340
403 1117 607 1159 Mollibus
639 1122 704 1159 est
736 1118 888 1159 oculis:
922 1119 1036 1172 quod
1066 1119 1166 1159 fleat
1196 1119 1288 1173 illa,
1319 1119 1445 1160 refer!

344 1175 541 1217 Proderit
572 1179 614 1218 et
648 1177 810 1229 subito,
842 1191 939 1217 cum
971 1191 1015 1217 se
1046 1191 1133 1217 non
1164 1177 1334 1218 finxerit
1365 1177 1459 1231 ulli,

402 1235 470 1275 Ad
503 1235 719 1275 dominam
752 1235 907 1276 celeres
940 1249 1063 1276 mane
1096 1235 1246 1276 tulisse
1280 1235 1453 1290 gradus,

344 1293 592 1334 Auferimur
623 1293 758 1334 cultu:
791 1293 971 1348 gemmis
1004 1307 1191 1346 auroque
1223 1297 1428 1348 teguntur

403 1350 572 1406 Omnia3
602 1366 701 1405 pars
733 1351 953 1392 minimast
982 1351 1077 1406 ipsa
1106 1352 1249 1406 puella
1280 1352 1357 1392 sui.

272 1419 323 1444 345
344 1408 490 1464 Saepe,
520 1409 595 1450 ubi
627 1410 696 1464 sit,
728 1410 840 1463 quod
873 1424 1001 1463 ames,
1031 1410 1143 1450 inter
1174 1413 1264 1451 tam
1295 1410 1443 1465 multa,
1473 1410 1681 1464 requiras:

400 1467 572 1522 Decipit
602 1468 683 1509 hac
715 1468 862 1510 oculos
895 1468 1042 1523 aegide
1075 1468 1190 1509 dives
1223 1468 1370 1509 Amor.

341 1526 590 1580 Inprovisus
624 1527 741 1567 ades:
774 1527 1004 1580 deprendes
1036 1529 1155 1568 tutus
1187 1526 1412 1580 inermem3

378 1584 554 1637 *Infelix
586 1584 701 1626 vitiis
734 1584 898 1626 excidet
928 1585 1003 1625 illa
1036 1585 1135 1625 suis.

341 1641 441 1683 Non
470 1646 616 1684 tamen
646 1643 746 1684 huic
776 1643 957 1684 nimium
988 1646 1215 1697 praecepto
1247 1643 1415 1684 credere
1447 1645 1648 1685 tutumst:

269 1711 321 1736 350
399 1700 531 1742 Fallit
563 1700 676 1742 enim
707 1701 864 1742 multas
897 1701 1036 1754 forma
1067 1701 1156 1742 sine
1190 1703 1279 1742 arte
1312 1702 1474 1742 decens.

339 1759 448 1800 Tum
480 1773 666 1814 quoque,
697 1759 930 1813 conpositis
963 1774 1059 1801 cum
1091 1759 1269 1800 conlinit
1302 1774 1376 1801 ora
1406 1760 1596 1814 venenis,

397 1817 465 1858 Ad
497 1817 691 1858 dominae
722 1818 866 1859 vultus
901 1816 996 1872 (nec
1027 1818 1164 1872 pudor
1196 1816 1374 1873 obstetl)
1407 1832 1495 1859 eas:

338 1875 522 1929 Pyxidas
553 1875 743 1917 invenies
777 1879 819 1917 et
850 1890 993 1917 rerum
1023 1876 1139 1916 mille
1172 1876 1354 1931 colores,

396 1934 455 1975 Et
485 1934 615 1975 fluere
646 1934 692 1974 in
721 1934 887 1988 tepidos
922 1948 1078 1988 oesopa
1109 1934 1230 1988 lapsa
1262 1934 1393 1988 sinus5

269 2001 320 2026 355
339 1991 420 2032 Illa
451 1995 547 2033 tuas
579 1992 792 2046 redolent,
822 1992 1005 2045 Phineu,
1036 1992 1316 2034 medicamina
1348 2007 1533 2034 mensas:

397 2049 497 2091 Non
529 2051 658 2092 semel
688 2050 789 2093 hinc
821 2051 1043 2092 stomacho
1074 2065 1233 2092 nausea
1264 2050 1378 2092 facta
1409 2053 1558 2092 meost.

338 2107 463 2149 Nunc
496 2108 595 2164 tibi,
627 2124 734 2163 quae
766 2109 904 2150 medio
937 2109 1116 2150 Veneris
1147 2112 1412 2163 praestemus
1444 2109 1489 2150 in
1520 2124 1618 2164 usu,

396 2165 605 2221 Eloquar:
637 2182 688 2208 ex
720 2167 880 2209 omnist
910 2170 1031 2222 parte
1062 2168 1275 2222 fugandus
1306 2167 1453 2208 Amor.

337 2223 475 2264 Multa
507 2225 677 2278 quidem
709 2240 760 2267 ex
790 2226 876 2267 illis
907 2226 1044 2281 pudor
1076 2229 1142 2267 est
1173 2225 1279 2266 mihi
1308 2226 1463 2281 dicere,
1494 2226 1567 2267 sed
1598 2228 1643 2267 tu

268 2292 319 2318 360
395 2281 574 2336 Ingenio
606 2284 747 2325 verbis
781 2284 955 2339 concipe
985 2284 1108 2339 plura
1139 2284 1263 2339 meis;

338 2338 485 2394 Nuper
517 2340 629 2381 enim
660 2345 832 2383 nostros
865 2343 1037 2396 quidam
1069 2357 1262 2397 carpsere
1294 2342 1479 2396 libellos,
