1690 2656
219 164 275 205 32
772 159 1012 194 AMORUM

220 259 348 313 Quid,
381 258 495 312 quod
524 258 571 298 in
603 256 756 297 aneilla
789 254 922 308 siquis
956 253 1199 307 delinquere
1230 253 1387 308 possit,

169 330 202 354 10
281 317 408 358 Illum
442 331 521 371 ego
556 314 754 356 contendi
786 315 927 354 mente
961 327 1101 353 carere
1133 312 1263 353 bona!

219 375 449 417 Thessalus
483 373 660 415 ancillae
692 371 801 413 faeie
832 370 1048 412 Briseidos
1083 370 1206 423 arsit,

282 434 412 475 Serva
444 432 674 487 Mycenaeo
707 430 904 471 Phoebas
938 432 1080 470 amata
1112 428 1224 470 duci:

221 492 311 533 Nee
345 506 439 532 sum
471 504 550 545 ego
583 489 806 530 Tantalide
839 488 994 541 maior,
1024 502 1102 529 neo
1134 487 1270 528 maior
1302 485 1488 541 Achille3

282 550 404 598 Quod
436 548 577 590 decuit
608 561 749 602 reges,
781 561 855 588 cur
886 546 992 587 mihi
1021 549 1144 600 turpe
1176 544 1352 600 putem?

171 621 201 645 15
222 608 281 649 Ut
313 611 459 649 tamen
489 607 624 648 iratos
656 606 702 646 in
732 609 775 646 te
808 605 953 646 defixit
985 604 1161 658 ocellos,

279 666 380 707 Vidi
412 669 454 706 te
486 665 592 706 totis
625 663 845 705 erubuisse
883 663 1020 718 genis,

221 725 280 766 At
313 727 492 778 quantO,
525 723 559 764 si
592 723 704 764 forte
737 722 889 776 refers,
920 720 1186 776 praesentior
1217 720 1308 774 ipse

281 783 363 824 Per
394 781 574 823 Veneris
607 781 689 822 feei
720 780 897 821 numina
928 794 1085 834 magna
1116 779 1258 819 fidem!

223 841 306 895 Tu,
338 841 433 895 dea,
464 844 512 881 tu
543 840 690 880 iubeas
725 839 856 880 animi
887 838 1075 893 periuria
1106 837 1201 891 puri

170 913 204 937 20
283 898 563 953 Carpathium
595 898 762 952 tepidos
794 912 869 951 per
901 911 1016 938 mare
1048 896 1156 936 ferre
1188 894 1345 936 Notos!

222 957 306 999 Pro
341 957 494 1011 quibus
528 956 681 997 officiis
713 955 899 1010 pretium
932 954 1037 995 mihi
1069 954 1188 995 dulce
1221 953 1402 1008 repende

283 1014 547 1057 Concubitus
580 1014 718 1068 hodie,
750 1014 870 1055 fusca
903 1011 1099 1067 Cypassi,
1131 1013 1245 1053 tuos!

225 1074 335 1123 Quid
366 1074 508 1114 renuis
540 1073 753 1128 fingisque
784 1086 939 1125 novos,
969 1071 1158 1126 ingrata,
1189 1069 1396 1111 timores?

282 1131 470 1173 Unumst
503 1146 523 1172 e
557 1131 739 1172 dominis
773 1130 1002 1171 emeruisse
1036 1129 1152 1170 satis.

172 1204 205 1228 25
226 1190 349 1240 Quod
382 1191 416 1232 si
450 1190 583 1231 stulta
614 1204 764 1244 negas,
795 1189 922 1229 index
954 1190 1151 1229 anteacta
1182 1187 1350 1228 fatebor

283 1249 341 1290 Et
373 1248 540 1289 veniam
574 1248 721 1302 eulpae
754 1247 949 1301 proditor
979 1246 1070 1300 ipse
1102 1260 1239 1300 meae,

225 1306 402 1361 Quoque
433 1307 528 1348 loeo
561 1309 703 1347 tecum
734 1305 906 1359 fuerim,
938 1304 1239 1359 quotiensque,
1271 1301 1469 1357 Cypassi,

283 1365 480 1408 Narrabo
514 1365 728 1418 dominae,
760 1367 948 1417 quotque
981 1362 1220 1416 quibusque
1253 1361 1403 1403 modis.

85 1487 199 1522 VIIII.
227 1482 261 1524 O
293 1496 528 1536 numquam
559 1496 636 1535 pro
669 1495 735 1522 me
769 1480 873 1521 satis
905 1479 1126 1534 indignate
1160 1476 1343 1533 Cupido,

286 1540 319 1581 O
352 1540 397 1580 in
430 1540 553 1581 eorde
586 1553 680 1580 meo
714 1538 922 1579 desidiose
954 1552 1077 1591 puer,

228 1598 338 1647 Quid
370 1613 455 1653 me,
487 1598 559 1651 qui
591 1597 712 1638 miles
745 1611 980 1649 numquam
1012 1598 1086 1636 tua
1118 1595 1241 1649 signa
1273 1595 1443 1649 reliqui,

285 1656 458 1710 Laedis,
490 1659 531 1696 et
563 1655 607 1695 in
640 1655 791 1696 eastris
823 1655 1023 1695 vulneror
1053 1654 1144 1707 ipse
1176 1653 1311 1694 meis?

191 1727 207 1752 5
228 1714 313 1756 Cur
344 1718 420 1756 tua
450 1714 521 1754 fax
555 1713 658 1767 urit,
689 1713 786 1768 figit
817 1716 916 1753 tuus
945 1726 1066 1752 arcus
1100 1711 1289 1753 amicos?

288 1772 435 1813 Gloria
465 1774 707 1826 pugnantes
740 1771 906 1813 vincere
940 1770 1075 1811 maior
1108 1773 1209 1810 erat.

229 1831 371 1880 Quid?
402 1845 490 1871 non
521 1829 802 1884 Haemonius,
841 1843 966 1882 quem
1005 1828 1177 1882 cuspide
1209 1828 1410 1882 perculit,
1446 1827 1571 1868 heros

288 1888 546 1930 Confossum
579 1888 743 1929 medica
773 1888 1000 1942 postmodo
1032 1886 1141 1927 iuvit
1175 1887 1281 1941 ope‘?

229 1947 420 1988 Venator
447 1947 639 2000 sequitur
670 1946 899 2001 fugientia,
932 1948 1057 1999 capta
1088 1945 1291 1998 relinquit

178 2017 212 2043 ιο
291 2004 466 2059 Semper
499 2009 541 2046 et
571 2005 756 2046 inventis
789 2004 994 2045 ulteriora
1025 2003 1145 2057 petit.

231 2063 323 2104 Nos
356 2066 431 2104 tua
463 2063 690 2117 sentimus,
720 2063 904 2117 populus
936 2062 1017 2103 tibi
1050 2061 1234 2115 deditus,
1266 2074 1401 2114 arma,

292 2121 421 2176 Pigra
452 2121 682 2162 reluctanti
716 2124 853 2162 cessat
885 2121 930 2161 in
960 2121 1085 2160 hoste
1118 2133 1280 2160 manus.

233 2179 344 2228 Quid
374 2179 494 2220 iuvat
525 2179 571 2219 in
601 2179 725 2220 nudis
758 2180 933 2221 hamata
964 2178 1190 2219 retundere
1223 2177 1307 2218 tela

294 2237 502 2279 Ossibus?
537 2251 633 2278 ossa
665 2237 770 2278 mihi
801 2238 914 2278 nuda
946 2236 1149 2289 relinquit
1182 2249 1310 2276 amor.

182 2308 213 2333 15
234 2295 318 2336 Tot
351 2295 440 2336 sine
475 2309 617 2336 amore
649 2295 748 2352 viri,
779 2298 846 2336 tot
879 2298 979 2336 sunt
1012 2295 1101 2335 sine
1130 2308 1272 2335 amore
1304 2292 1487 2347 puellae:

291 2353 403 2396 Hine
436 2353 517 2394 tibi
550 2367 645 2395 cum
678 2367 833 2408 magna
864 2353 987 2394 laude
1020 2352 1263 2406 triumphus
1296 2354 1376 2392 eat.
