1674 2662
310 167 421 203 VIIII.
447 167 606 204 DEIAN.
635 179 794 205 133—168.
844 169 888 205 X.
914 169 1128 204 ARIADNE
1156 181 1263 206 1—34.
1409 172 1490 213 109

600 261 816 296 ARIADNE
843 262 1039 297 THESEO.

49 325 88 360 X.
118 320 254 374 *[Illa
284 320 434 362 relicta
464 320 564 361 feris
598 322 859 376 etiamnunc,
889 323 1068 376 inprobe
1099 323 1283 378 Theseu,

210 378 347 420 Vivit:
381 382 423 419 et
453 379 558 420 haec
591 394 725 433 aequa
757 383 897 421 mente
930 380 1079 422 tulisse
1110 382 1288 433 velis:]*

153 436 301 478 Mitius
333 437 476 478 inveni
509 451 636 491 quam
668 441 710 478 10
743 453 876 493 genus
910 452 1032 479 omne
1064 439 1267 480 ferarum:

211 493 384 536 Credita
413 509 501 536 non
531 496 609 536 ulli
641 511 769 550 quam
800 497 880 537 tibi
911 497 1031 551 peius
1064 512 1190 538 eram.

153 552 268 601 Quae
299 553 427 608 legis,
459 568 509 594 ex
538 554 632 609 illo,
664 554 849 609 Theseu,
879 555 959 595 tibi
990 555 1115 596 litore
1147 556 1291 610 mitto,

210 610 332 652 Unde
364 615 483 652 tuam
516 612 604 652 sine
638 627 704 653 me
736 613 829 653 vela
859 613 994 653 tulere
1025 617 1178 667 ratem,

117 680 133 706 5
153 669 204 710 In
236 684 319 723 quo
351 684 418 710 me
450 684 708 724 somnusque
739 685 858 711 meus
891 671 1000 711 male
1031 672 1218 725 prodidit
1251 675 1292 712 et
1323 675 1371 712 tu

210 726 292 768 Per
322 727 486 768 facinus
520 728 680 769 somnis
711 728 910 769 insidiate
942 729 1059 770 meis.

151 785 335 839 Tempus
369 789 478 840 erat,
508 786 644 827 vitrea
676 801 759 840 quo
790 787 976 841 primum
1008 790 1121 828 terra
1151 787 1304 841 pruina

212 842 438 898 Spargitur
470 847 512 884 et
543 847 681 885 tectae
712 845 861 885 fronde
894 848 1126 898 queruntur
1159 860 1278 899 aves,

152 901 369 942 Incertum
400 902 582 956 vigilans
616 917 640 942 a
672 916 820 943 somno
852 902 1055 957 languida
1087 904 1201 943 movi

101 972 133 996 10
210 959 373 1000 Thesea
402 973 629 1012 prensuras
662 960 923 1013 semisupina
954 974 1121 1000 manus:

151 1015 306 1057 Nullus
339 1017 445 1057 erat!
478 1017 698 1070 referoque
730 1031 881 1057 manus
912 1017 1151 1070 iterumque
1183 1020 1395 1072 retempto

208 1074 371 1129 Perque
403 1077 546 1115 torum
578 1089 728 1116 moveo
760 1074 975 1116 bracchia:
1006 1075 1149 1115 nullus
1182 1077 1288 1116 erat!

150 1132 386 1174 Excussere
418 1135 557 1173 metus
591 1147 805 1188 somnum3
837 1133 1069 1174 conterrita
1100 1147 1249 1188 surgo,

209 1190 486 1244 Membraque
519 1194 618 1232 sunt
649 1191 776 1232 viduo
808 1191 1090 1245 praecipitata
1121 1194 1235 1232 toro:

99 1261 131 1286 15
151 1248 353 1289 Protinus
385 1249 578 1290 adductis
611 1252 845 1290 sonuerunt
875 1252 1050 1303 pectora
1079 1249 1253 1303 palmis,

208 1305 352 1361 thue
385 1310 475 1348 erat
507 1321 528 1347 e
561 1321 710 1348 somno
743 1307 932 1361 turbida,
962 1311 1085 1361 rapta
1117 1311 1291 1348 comast.

150 1364 273 1406 Luna
303 1365 403 1406 fuit:
437 1369 600 1419 specto,
633 1365 773 1419 siquid
802 1365 885 1406 nisi
916 1365 1045 1406 litora
1076 1379 1262 1420 cernam,

210 1423 331 1472 Quod
361 1423 532 1464 videant
565 1424 694 1478 oculi,
724 1423 785 1464 nil
817 1423 900 1464 nisi
931 1423 1034 1464 litus
1065 1423 1237 1464 habent.

151 1481 276 1523 Nunc
307 1481 408 1536 huc,
443 1496 556 1523 nunc
585 1482 706 1536 illuc,
740 1485 783 1522 01
813 1485 994 1535 utroque
1028 1481 1117 1522 sine
1150 1482 1313 1536 ordine,
1345 1496 1487 1533 01111ος

99 1552 133 1578 20
208 1540 312 1581 Alta
341 1539 550 1594 puellares
583 1541 725 1581 tardat
754 1540 914 1581 harena
943 1540 1082 1594 pedes.

151 1597 320 1639 Interea
351 1601 444 1639 toto
477 1598 656 1639 clamavi
686 1598 732 1638 in
763 1598 888 1639 litore
921 1596 1136 1639 ‘Theseu'z

209 1656 460 1697 Reddebant
489 1670 647 1697 nomen
678 1671 863 1697 concava
895 1671 996 1697 saxa
1027 1659 1167 1710 tuum,

150 1714 209 1756 Et
241 1715 437 1768 quotiens
470 1729 549 1770 ego
582 1718 643 1769 te,
673 1715 832 1756 totiens
863 1715 983 1755 100113
1014 1715 1105 1768 ipse
1137 1714 1337 1755 vocabat:

208 1772 305 1827 Ipse
335 1773 455 1814 locus
488 1773 666 1814 miserae
697 1772 806 1814 ferre
838 1772 1010 1814 volebat
1042 1787 1176 1826 opem.

102 1842 134 1868 25
152 1830 275 1872 Mons
306 1831 406 1872 fuit:
439 1834 645 1885 apparent
674 1830 850 1872 frutices
883 1831 929 1871 in
958 1830 1116 1871 vertice
1147 1830 1250 1885 rari,

209 1888 335 1931 Nunc
368 1889 566 1944 scopulus
598 1889 738 1930 raucis
768 1889 924 1943 pendet
955 1889 1105 1929 adesus
1139 1888 1276 1941 aquis:

152 1946 375 1989 Adscendo
408 1948 536 2002 (vires
569 1947 734 1988 animus
767 1947 914 1999 dabat)
946 1950 1072 2000 atque
1104 1946 1166 1986 ita
1196 1946 1281 1987 late

211 2006 411 2060 Aequora
440 2008 671 2060 prospectu
701 2005 856 2046 metior
888 2005 975 2045 alta
1006 2018 1111 2045 meo.

152 2062 254 2105 Inde
286 2079 365 2120 ego
398 2063 517 2119 (nam
548 2063 685 2104 ventis
718 2077 884 2116 quoque
917 2077 1011 2103 sum
1043 2062 1283 2103 crudelibus
1315 2061 1410 2119 usa)

103 2133 137 2159 30
211 2121 312 2163 Vidi
343 2121 567 2177 praecipiti
600 2121 776 2163 carbasa
806 2124 926 2162 tenta
956 2120 1090 2161 Noto:

157 2179 243 2222 Aut
273 2181 359 2221 vidi
391 2184 466 2221 aut
495 2183 716 2234 tamquam
748 2193 854 2233 quae
887 2193 953 2219 me
985 2178 1140 2220 vidisse
1171 2182 1368 2233 putarem
1393 2204 1436 2209 —

211 2238 426 2294 Frigidior
458 2239 592 2293 glacie
625 2237 970 2291 semianimisque
1001 2236 1075 2277 fuj.

153 2295 242 2338 Nec
272 2297 474 2352 languere
507 2297 579 2337 diu
608 2296 773 2350 patitur
805 2296 942 2350 dolor,
973 2296 1135 2336 excitor
1165 2296 1259 2350 illo,

210 2355 388 2396 Excitor
420 2358 462 2396 et
494 2369 660 2396 summa
690 2354 853 2395 Thesea
883 2368 985 2395 voce
1017 2368 1135 2395 voco.
