1674 2662
519 164 563 199 V.
591 164 818 199 OENONE
846 169 998 199 50-123
1384 166 1438 206 89

98 259 189 302 Nec
221 274 307 314 me,
337 259 509 314 faginea
542 260 655 313 quod
686 263 828 301 tecum
859 259 1008 300 fronde
1039 259 1248 314 iacebam,

157 317 356 372 Despice:
389 332 602 372 purpureo
637 332 730 359 sum
762 318 899 372 magis
933 321 1033 372 apta
1064 321 1178 372 toro,

0 414 2 432 Ι
99 376 293 430 Denique
325 379 446 417 tutus
480 390 599 416 amor
630 391 748 417 meus
781 379 861 417 est:
894 376 974 417 tibi
1005 376 1122 417 nulla
1153 379 1357 430 parantur

0 434 2 479 l
48 445 81 471 90
158 434 294 488 Bella,
325 448 402 475 nec
434 433 608 475 ultrices
641 434 812 475 advehit
843 435 956 475 unda
986 437 1112 475 rates.

100 493 307 547 Tyndaris
339 492 508 533 infestis
542 492 726 546 fugitiva
758 493 996 546 reposcitur
1029 492 1175 533 armis:

157 550 249 592 Hac
281 550 398 591 venit
428 550 474 590 in
505 550 717 591 thalamos
751 551 848 591 dote
882 551 1064 605 superba
1095 554 1204 591 tuos.

100 608 215 657 Quae
249 609 284 650 si
317 609 374 649 sit
404 608 566 649 Danais
598 609 827 662 reddenda,
858 609 924 649 vel
955 609 1143 649 Hectora
1174 608 1370 662 fratrem,

157 666 238 707 Vel
271 681 367 708 cum
398 666 624 720 Deiphobo
657 666 967 721 Polydamanta
998 681 1120 721 roga3

48 735 80 761 ⁹5
101 725 211 774 Quid
243 725 385 780 gravis
418 725 630 778 Antenor,
660 724 857 766 Priamus
890 725 991 778 quid
1023 725 1198 766 suadeat
1230 725 1340 779 ipse,

160 782 363 836 Consule,
395 783 489 837 quis
523 786 638 824 aetas
670 783 800 838 longa
832 783 1039 838 magistra
1070 783 1168 823 fuit!

67 841 240 895 *Turpe
274 841 580 894 rudimentum,
610 841 774 894 patriae
806 855 1064 894 praeponere
1097 844 1282 895 raptam3

161 898 300 940 Causa
330 899 526 953 pudenda
559 902 691 939 tuast:
723 899 837 939 iusta
869 899 933 939 vir
965 913 1083 939 arma
1114 903 1266 939 movet.

100 957 190 999 Nec
223 957 321 1011 tibi,
354 957 389 998 si
422 957 580 1010 sapias,
612 957 739 997 fidam
771 957 974 1010 promitte
1006 956 1263 1011 Lacaenam,

31 1026 82 1052 100
160 1015 275 1064 Quae
308 1015 364 1056 sit
395 1015 441 1055 in
473 1015 690 1068 amplexus
723 1018 813 1055 tam
845 1015 930 1055 cito
962 1029 1085 1055 versa
1115 1016 1229 1055 tuos!

99 1073 161 1115 Ut
191 1073 331 1114 minor
362 1072 534 1113 Atrides
567 1073 765 1114 temerati
797 1073 968 1113 foedera
998 1072 1099 1113 lecti

161 1131 328 1174 Clamat
360 1134 402 1172 et
435 1134 609 1172 externo
640 1131 782 1172 laesus
815 1145 958 1172 amore
991 1131 1124 1185 dolet,

103 1190 166 1231 Tu
200 1203 367 1243 quoque
401 1189 621 1230 clamabis:
653 1189 771 1229 nulla
802 1189 1053 1243 reparabilis
1087 1192 1177 1229 arte

160 1248 297 1288 Laesa
327 1247 594 1301 pudicitiast3
626 1247 789 1301 deperit
819 1247 894 1287 illa
926 1247 1066 1288 semel.

34 1316 83 1342 1⁰5
101 1307 238 1347 Ardet
270 1319 412 1346 amore
445 1305 538 1346 tui?
572 1305 632 1346 sic
665 1308 707 1346 et
739 1304 964 1345 Menelaon
996 1305 1172 1345 amavit:

160 1363 286 1405 Nunc
316 1364 428 1405 iacet
458 1363 503 1403 in
534 1363 661 1403 viduo
694 1363 887 1404 credulus
919 1363 990 1403 ille
1022 1366 1129 1404 toro.

101 1422 223 1464 Felix
254 1421 571 1475 Andromache,
603 1424 718 1462 certo
750 1422 856 1462 bene
887 1424 1023 1474 nupta
1055 1421 1230 1462 marito!

160 1479 279 1521 Uxor
311 1480 363 1520 ad
394 1479 634 1533 exemplum
664 1479 810 1520 fratris
841 1479 1036 1519 habenda
1067 1479 1147 1533 fui3

103 1538 167 1579 Tu
198 1538 331 1579 levior
362 1537 496 1592 foliis,
528 1541 620 1578 tum
653 1552 749 1578 cum
782 1537 870 1578 sine
902 1537 1087 1591 pondere
1121 1537 1211 1578 suci

35 1607 85 1632 110
161 1596 394 1637 Mobilibus
426 1596 564 1637 ventis
599 1596 715 1637 arida
746 1595 860 1636 facta
891 1595 1055 1648 volant3

65 1687 78 1695 2
104 1654 162 1696 Et
193 1655 333 1695 minus
367 1657 431 1694 est
461 1654 507 1694 in
537 1657 579 1694 te
612 1668 740 1707 quam
772 1669 937 1695 summa
968 1653 1133 1707 pondus
1167 1653 1316 1707 arista,

163 1712 278 1761 Quae
308 1712 414 1753 levis
447 1712 633 1753 adsiduis
667 1712 828 1753 solibus
861 1716 959 1752 usta
990 1712 1113 1766 riget.

105 1770 198 1812 Hoc
230 1774 306 1811 tua
338 1769 456 1825 (nam
487 1769 648 1825 recolo)
681 1771 895 1825 quondam
929 1784 1130 1824 germana
1162 1770 1358 1824 canebat,

86 1825 95 1829 ’
164 1827 233 1870 Sic
265 1828 371 1869 mihi
403 1828 567 1869 diffusis
599 1828 832 1869 vaticinata
864 1828 1012 1869 comis:

36 1896 86 1923 11⁵
106 1886 231 1936 ‘Quid
261 1886 385 1940 facis,
417 1885 618 1927 Oenone?
651 1887 752 1940 quid
782 1886 964 1927 harenae
997 1885 1160 1926 semina
1190 1885 1395 1927 mandas?

162 1944 263 1986 Non
293 1944 549 1999 profecturis
581 1944 710 1985 litora
740 1944 880 1985 bubus
914 1959 1019 1984 aras.

107 2002 235 2044 Graia
264 2003 443 2044 iuvenca
473 2002 607 2056 venit,
639 2017 745 2055 quae
777 2006 819 2042 te
851 2002 1118 2056 patriamque
1151 2001 1406 2056 domumque

162 2060 334 2102 Perdat!
365 2061 425 2102 io!
456 2060 652 2114 prohibe!
687 2059 815 2101 Graia
845 2060 1023 2101 iuvenca
1053 2059 1186 2100 venit!

106 2118 219 2160 Dum
249 2119 368 2173 licet,
401 2119 629 2159 obscenam
659 2121 792 2172 ponto
825 2118 1058 2173 demergite
1089 2118 1283 2172 puppim!

38 2187 88 2212 120
163 2177 276 2218 Heu!
310 2180 517 2231 quantum
547 2176 726 2231 Phrygii
758 2176 977 2232 sanguinis
1008 2176 1082 2216 illa
1113 2176 1262 2217 vehitl’

105 2234 300 2290 Dixerat,
330 2235 378 2275 in
409 2249 535 2276 cursu
567 2234 750 2275 famulae
782 2248 958 2288 rapuere
990 2234 1220 2289 furentem,

165 2293 222 2334 At
253 2293 358 2334 mihi
391 2293 594 2333 flaventes
627 2293 838 2348 diriguere
871 2306 1027 2333 comae.

106 2350 160 2392 A!
194 2351 375 2392 nimium
406 2351 584 2392 miserae
617 2354 734 2392 vates
767 2351 872 2392 mihi
904 2365 1003 2392 vera
1033 2350 1172 2392 fuisti:
