1674 2662
219 138 314 173 XIII.
341 138 480 173 LAL'D.
507 148 667 173 127—166.
718 136 828 171 XIIII.
855 134 1211 170 HYPERMESTRA
1238 145 1343 169 1—32.
1398 131 1476 172 127

204 232 299 274 Sive
325 258 381 262 —
408 233 520 286 quod
552 233 650 273 heu!
684 232 833 286 timeo,
865 232 952 272 sive
985 233 1198 284 superstes
1232 228 1326 270 eris.

75 304 123 328 165
145 291 306 332 Ultima
339 290 539 332 mandato
572 290 791 331 claudetur
823 289 1005 344 epistula
1037 302 1184 342 parvo:

204 348 247 390 Si
280 349 360 390 tibi
394 364 493 391 cura
525 349 626 403 mei,
658 349 714 389 sit
746 348 827 389 tibi
859 362 957 389 cura
991 347 1071 388 tui!

518 462 839 497 HYPERMESTR
845 463 875 496 A
900 461 1102 496 LYNCEO.

17 529 113 562 (ΙΠΙ.
147 524 284 565 Mittit
314 524 622 578 Hypermestra
655 523 703 563 de
735 526 802 563 tot
833 522 958 563 modo
990 521 1195 562 fratribus
1226 521 1300 562 uni

203 582 372 637 (Cetera
402 585 632 635 nuptarum
666 581 840 622 crimine
872 581 998 621 turba
1029 578 1176 633 iacet):

146 639 300 681 Clausa
332 640 457 681 domo
489 643 638 680 teneor
670 639 954 693 gravibusque
987 638 1170 679 coercita
1201 637 1368 690 vinclis,

204 698 285 739 Est
317 698 422 739 mihi
455 697 651 751 supplicii
685 712 830 751 causa,
860 697 991 737 fuisse
1023 696 1148 750 piam.

109 768 124 792 5
146 756 266 805 Quod
298 771 448 797 manus
481 756 678 796 extimuit
709 755 858 810 iugulo
891 755 1112 795 demittere
1144 753 1322 807 ferrum,

207 814 309 856 Sum
340 829 427 855 rea:
461 814 674 867 laudarer,
706 814 741 854 si
775 813 910 854 scelus
944 827 1047 854 ausa
1077 812 1224 852 forem.

145 874 252 914 Esse
285 887 400 914 ream
432 875 640 926 praestat,
673 886 799 925 quam
833 871 893 912 sic
924 870 1134 924 placuisse
1167 869 1351 923 parenti3

204 931 303 972 Non
334 931 454 985 piget
484 930 680 970 inmunes
714 929 853 970 caedis
883 928 1039 969 habere
1071 942 1233 968 manus.

145 989 213 1030 Me
244 992 366 1043 pater
397 989 495 1043 igne
527 988 645 1042 licet,
677 1001 802 1040 quem
833 1001 920 1027 non
950 986 1223 1039 violavimus,
1254 988 1367 1039 urat,

94 1058 126 1083 10
206 1046 404 1100 Quaeque
438 1046 613 1087 aderant
646 1045 795 1099 sacris,
826 1045 974 1086 tendat
1004 1044 1049 1084 in
1081 1059 1155 1085 ora
1185 1043 1298 1084 faces

144 1107 233 1146 Aut
264 1105 338 1145 illo
370 1105 554 1159 iugulet,
586 1118 711 1157 quem
742 1117 829 1144 non
859 1104 965 1144 bene
997 1102 1174 1143 tradidit
1207 1116 1368 1156 ensem,

203 1162 280 1216 Ut,
313 1178 395 1216 qua
425 1177 511 1203 non
544 1162 695 1203 cecidit
725 1162 790 1202 vir
821 1176 941 1215 nece,
974 1164 1107 1215 nupta
1141 1160 1305 1201 cadam:

146 1222 245 1263 Non
275 1225 437 1275 tamen,
467 1223 516 1261 ut
547 1220 690 1261 dicant
721 1219 947 1260 morientia
979 1217 1198 1272 ‘paenitet'
1233 1232 1324 1270 ora,

204 1279 392 1320 Efficiet:
425 1293 512 1319 non
543 1281 625 1329 est,
658 1292 784 1331 quam
814 1277 934 1332 piget
966 1291 1057 1317 esse
1088 1276 1220 1330 piam,

94 1349 126 1374 15
146 1338 369 1379 Paeniteat
403 1337 572 1378 sceleris
604 1336 801 1376 Danaum
834 1349 1064 1389 saevasque
1097 1349 1281 1375 sorores:

204 1396 285 1437 Hic
320 1396 428 1436 solet
460 1397 634 1435 eventus
667 1394 782 1435 facta
811 1393 994 1434 nefanda
1027 1393 1157 1447 sequi.

148 1453 232 1496 Cor
262 1457 389 1508 pavet
421 1453 642 1494 admonitu
673 1455 903 1493 temeratae
937 1450 1142 1506 sanguine
1173 1450 1332 1504 noctis,

205 1513 264 1554 Et
298 1512 463 1553 subitus
496 1512 667 1552 dextrae
698 1510 918 1564 praepedit
951 1523 1048 1550 ossa
1079 1512 1255 1561 tremor,

150 1572 288 1621 Quam
318 1573 367 1611 tu
401 1570 525 1611 caede
557 1572 681 1623 putes
713 1568 835 1623 fungi
866 1568 1058 1622 potuisse
1090 1566 1251 1620 mariti,

97 1640 129 1665 20
209 1628 401 1670 Scribere
435 1629 483 1669 de
515 1628 629 1668 facta
660 1641 747 1667 non
779 1626 861 1667 sibi
894 1626 1018 1667 caede
1051 1626 1184 1666 timet.

152 1686 233 1728 Sed
264 1691 408 1728 tamen
440 1685 646 1740 experiar!
677 1710 725 1714 —
755 1685 881 1725 modo
920 1684 1033 1725 facta
1066 1682 1313 1737 crepuscula
1345 1683 1486 1737 terris,

210 1744 373 1785 Ultima
403 1759 501 1798 pars
533 1743 639 1785 lucis
671 1743 891 1797 primaque
922 1742 1061 1783 noctis
1097 1745 1206 1782 erat:

150 1803 357 1844 Ducimur
388 1802 610 1843 Inachides
643 1802 788 1856 magni
820 1801 898 1841 sub
931 1803 1045 1841 tecta
1076 1800 1264 1854 Pelasgi,

209 1861 267 1902 Et
300 1874 418 1902 socer
445 1863 631 1901 armatas
664 1859 819 1912 accipit
849 1859 939 1912 ipse
969 1873 1112 1899 nurus.

99 1931 130 1955 25
152 1918 348 1972 Undique
381 1918 604 1960 conlucent
634 1917 899 1971 praecinctae
930 1916 1146 1970 lampades
1179 1930 1299 1969 auro3

210 1977 379 2017 Dantur
409 1977 454 2016 in
485 1976 642 2016 invitos
676 1975 791 2029 inpia
825 1978 922 2016 tura
951 1974 1088 2025 focos,

152 2034 319 2089 Vulgus
339 2034 536 2088 ‘Hymein
560 2032 819 2087 Hymenaee'
846 2036 1011 2074 vocant.
1049 2032 1161 2087 fugit
1187 2032 1257 2073 ille
1278 2032 1487 2085 vocantis3

210 2092 308 2146 Ipsa
338 2092 451 2133 Iovis
484 2092 667 2133 coniunx
699 2091 826 2132 cessit
859 2091 910 2131 ab
943 2091 1046 2131 urhe
1079 2105 1165 2131 sua.

154 2150 282 2204 Ecce,
319 2164 434 2191 mero
468 2150 603 2203 dubii,
635 2149 839 2190 comitum
871 2149 1054 2190 clamore
1086 2148 1348 2203 frequentes,

99 2220 132 2245 30
212 2208 336 2249 Flore
368 2222 479 2249 novo
514 2207 702 2248 madidas
734 2207 976 2261 inpediente
1010 2221 1170 2261 comas,

153 2266 204 2307 In
235 2266 446 2307 thalamos
478 2266 580 2307 laeti
610 2290 658 2295 —
688 2265 918 2319 thalamos,
951 2280 1027 2306 sua
1050 2266 1194 2306 busta!
1219 2289 1267 2294 -
1290 2265 1487 2306 feruntur

213 2323 440 2378 Strataque
473 2324 721 2379 corporibus
753 2323 898 2365 funere
931 2323 1059 2379 digna
1089 2326 1299 2378 premunt.
