1690 2656
317 129 397 170 132
823 127 1144 162 EPISTULAE.

373 225 531 279 Accipe
564 239 660 265 cum
691 237 792 264 vera
823 222 938 264 dicta
968 222 1103 263 relata
1134 222 1233 263 fide:

314 283 466 324 Matris
500 283 635 324 adhuc
668 284 790 321 utero
823 284 951 335 partu
982 283 1224 321 remorante
1256 280 1431 321 tenebar

375 340 484 397 (lam
518 340 717 395 gravidus
749 339 864 380 iusto
897 339 1082 404 pondeie
1114 342 1261 379 venter
1293 337 1422 393 erat):

314 399 394 440 Illa
427 399 508 439 sibi
518 374 761 452 &ingentem
792 397 927 438 visast
958 397 1036 438 sub
1068 397 1256 451 imagine
1290 397 1428 438 somni

372 456 694 498 Flammiferam
724 456 850 510 pleno
883 456 1055 496 reddere
1087 458 1234 496 ventre
1265 455 1420 509 facem3

313 515 481 556 Territa
513 514 734 569 consurgit
766 514 1076 567 metuendaque
1108 513 1248 555 noctis
1282 528 1438 567 opacae

374 574 479 614 Visa
511 573 602 614 seni
634 572 824 626 Priamo,
855 572 1025 614 vatibus
1058 572 1130 612 ille
1162 572 1311 626 refert3

315 631 526 673 Arsurum
557 631 724 672 Paridis
755 634 874 672 vates
908 630 1023 672 canit
1054 630 1166 671 111011
1196 630 1304 684 igni:

374 690 585 744 Pectoris,
616 692 664 730 ut
694 704 808 730 nunc
840 692 922 742 est,
954 689 1024 729 fax
1056 688 1139 729 fuit
1164 688 1239 729 illa
1270 688 1465 729 meil....

314 749 471 790 Forma
502 748 709 803 vigorque
742 747 891 801 animi,
923 746 1115 800 quamvis
1148 747 1198 788 de
1230 747 1353 800 plebe
1384 745 1576 801 videbar,

373 807 583 848 Indicium
614 809 752 847 tectae
783 805 1024 847 nobilitatis
1062 808 1163 846 erat.

314 866 395 907 Est
427 866 546 906 locus
578 865 623 905 in
654 864 803 905 mediis
836 877 1086 905 nemorosae
1121 863 1303 904 vallibus
1335 862 1435 903 Idae

374 924 534 965 Devius
567 926 610 964 et
642 923 772 977 piceis
805 922 1059 976 ilicibusque
1091 921 1306 975 frequens,

317 982 397 1030 Qui
428 996 505 1022 nec
539 981 629 1022 ovis
661 981 852 1035 placidae
882 995 960 1021 nec
993 979 1175 1020 amantis
1206 994 1308 1020 saxa
1340 978 1525 1033 capellae

375 1040 465 1081 Nec
496 1040 645 1093 patulo
678 1039 824 1079 tardae
857 1038 1046 1091 carpitur
1079 1052 1149 1078 ore
1182 1038 1323 1091 bovis3

280 1148 282 1150 ‚
316 1098 428 1139 Hinc
461 1112 540 1153 ego
573 1097 814 1138 Dardaniae
847 1111 991 1137 muros
1025 1096 1274 1149 excelsaque
1305 1098 1420 1136 tecta

376 1156 434 1197 Et
465 1156 576 1197 freta
606 1155 869 1209 prospiciens
904 1154 1054 1195 arbore
1085 1154 1210 1194 nixus
1243 1168 1375 1194 eram:

317 1215 446 1268 Ecce,
477 1215 632 1268 pedum
663 1213 790 1267 pulsu
821 1213 955 1253 visast
987 1212 1092 1252 mihi
1123 1215 1238 1252 terra
1269 1211 1430 1253 moveri

377 1272 508 1328 *Veia
538 1273 690 1325 loquar
720 1271 808 1312 veli
840 1271 911 1312 vix
941 1270 1143 1311 habitura
1173 1268 1339 1324 fidem);

319 1330 527 1372 (onstitit
559 1333 657 1371 ante
690 1329 836 1371 oculos
869 1331 989 1370 actus
1021 1327 1238 1370 velocibus
1271 1328 1349 1369 alis

378 1388 567 1430 Atlantis
601 1388 746 1443 magni
773 1387 1053 1440 Pleionesque
1085 1401 1237 1441 nepos,

319 1447 422 1503 (Fas
454 1447 610 1488 vidisse
643 1447 743 1500 fuit,
773 1446 838 1487 fas
871 1445 927 1486 sit
959 1445 1065 1486 mihi
1096 1445 1188 1485 visa
1217 1445 1408 1498 referre&

378 1507 511 1559 Inque
543 1505 609 1546 dei
642 1504 788 1559 digitis
821 1519 948 1545 aurea
978 1503 1100 1557 virga
1131 1503 1231 1557 fuit,

319 1565 506 1618 Tresque
539 1563 666 1604 simul
698 1563 836 1617 divae,
863 1561 1006 1602 Venus
1039 1564 1081 1602 et
1114 1576 1210 1602 cum
1240 1561 1413 1602 Pallade
1444 1561 1570 1614 Iuno,

381 1622 655 1663 Graminibus
688 1624 856 1662 teneros
888 1620 1114 1674 inposuere
1146 1620 1284 1673 pedes.

322 1680 542 1735 Obstipui,
574 1680 822 1734 gelidusque
855 1692 998 1719 comas
1030 1681 1220 1718 erexerat
1251 1678 1420 1729 horror,

381 1738 488 1780 Cum
520 1738 625 1779 mihi
658 1737 782 1791 epone
814 1736 1007 1777 metuml’
1042 1736 1220 1777 nuntius
1252 1736 1338 1777 ales
1372 1737 1450 1790 ait,

322 1797 512 1838 ‘Arbiter
545 1811 588 1837 es
620 1796 799 1836 formae:
833 1794 1065 1836 certamina
1098 1794 1200 1835 siste
1233 1795 1422 1848 dearum,

380 1855 561 1896 Vincere
595 1869 700 1908 quae
733 1854 870 1894 forma
901 1853 1031 1907 digna
1063 1853 1119 1894 sit
1149 1867 1233 1893 una
1264 1852 1400 1893 duasl’

322 1913 439 1954 Neve
470 1928 728 1966 recusarem,
759 1911 899 1953 verbis
932 1911 1045 1952 Iovis
1078 1911 1261 1965 imperat
1293 1914 1335 1952 et
1367 1925 1410 1952 se

381 1972 583 2012 Protinus
617 1970 806 2012 aetheria
837 1970 952 2011 tollit
982 1969 1027 2010 in
1060 1972 1176 2010 astra
1206 1969 1284 2010 via.

322 2029 442 2070 Mens
476 2044 570 2070 mea
601 2029 835 2083 convaluit,
867 2028 1093 2081 subitoque
1126 2027 1302 2068 audacia
1332 2026 1467 2080 venit,

381 2087 472 2128 Nec
503 2088 629 2128 timui
659 2087 780 2128 vultu
813 2101 1022 2140 quamque
1054 2088 1203 2126 notare
1235 2100 1346 2126 meo:

324 2145 506 2187 Vincere
539 2148 660 2186 erant
692 2160 837 2186 omnes
871 2144 1022 2198 dignae
1054 2144 1263 2197 iudexque
1296 2143 1501 2198 querebar

383 2203 483 2243 Non
516 2217 660 2244 omnes
694 2218 865 2245 causam
897 2202 1063 2243 vincere
1095 2217 1220 2256 posse
1254 2217 1391 2255 suam3

326 2261 407 2303 Sed
439 2264 582 2302 tamen
615 2276 665 2301 ex
695 2262 780 2302 illis
812 2261 897 2301 iam
929 2264 1032 2301 tunc
1063 2261 1200 2315 magis
1232 2275 1317 2301 una
1347 2259 1561 2314 placebat,

383 2319 506 2360 Hanc
538 2333 628 2360 esse
660 2322 708 2360 ut
740 2319 888 2373 scires,
918 2319 1027 2359 unde
1059 2322 1254 2360 movetur
1285 2332 1404 2359 amor

1624 409 1657 433 45

1622 698 1656 723 50

1622 990 1655 1015 55

1625 1572 1658 1597 65

1626 1863 1659 1888 70

1627 2154 1659 2179 75
