1690 2656
296 162 378 204 148
805 161 1125 196 EPISTULAE.

351 258 390 299 A
422 259 563 299 verbis
597 258 727 298 facies
761 257 937 298 dissidet
968 257 1054 298 ista
1085 257 1185 298 suis.

293 316 409 371 Apta
440 316 578 371 magis
610 315 786 370 Veneri,
818 330 946 370 quam
978 319 1078 356 sunt
1111 319 1186 357 tua
1217 330 1396 370 corpora
1426 315 1574 357 Marti:

351 375 470 416 Bella
503 377 653 430 gerant
684 374 837 429 fortes,
867 377 934 429 tu,
965 373 1082 429 Pari,
1114 389 1280 428 semper
1312 375 1423 415 ama!

223 445 273 470 255
292 433 499 487 Hectora,
531 447 657 487 quem
687 433 855 487 laudas,
885 447 963 487 pro
995 436 1038 474 te
1069 447 1260 488 pugnare
1290 433 1455 474 iubeto!

353 491 555 532 Militiast
589 491 727 546 operis
762 492 896 532 altera
928 492 1057 546 digna
1088 492 1186 533 tuis.

291 550 372 591 His
405 564 504 605 ego,
536 550 572 591 si
605 565 797 604 saperem
827 550 1041 605 pauloque
1074 550 1274 591 audacior
1305 565 1459 606 essem,

351 607 522 663 Uterer3
553 611 718 663 utetur,
750 608 872 662 siqua
902 609 1045 663 puella
1077 609 1205 663 sapit!

292 666 382 708 Aut
414 681 493 722 ego
526 667 720 722 deposito
754 667 918 722 sapiam
948 668 1130 708 fortasse
1162 668 1322 721 pudore

222 737 274 762 260
350 726 409 766 Et
441 726 551 767 dabo
585 729 805 767 cunctatas
838 729 1029 780 tempore
1061 725 1176 767 victa
1206 740 1369 767 manus.

293 783 414 832 Quod
444 785 575 839 petis,
606 787 655 825 ut
685 784 836 825 furtim
867 787 1112 839 praesentes
1144 784 1230 825 ista
1259 784 1505 840 loquamur,

353 842 537 897 Scimus,
569 843 670 897 quid
703 846 847 897 captes
880 843 1237 897 conloquiumque
1269 857 1413 898 voces,

293 899 375 942 Sed
405 901 586 942 nimium
611 916 828 956 properas,
859 905 902 943 et
931 902 1067 943 adhuc
1093 905 1168 942 tua
1193 901 1344 942 messis
1369 901 1416 942 in
1439 901 1632 942 herbast:

350 959 468 1001 Haec
500 974 621 1001 mora
653 960 710 1001 sit
741 963 841 1001 voto
874 961 1020 1001 forsan
1052 960 1189 1001 amica
1220 963 1307 1000 tuo.

222 1029 273 1054 265
292 1017 530 1073 Hactenus,
563 1033 764 1059 arcanum
795 1018 978 1059 furtivae
1011 1018 1182 1059 conscia
1212 1018 1367 1059 mentis

350 1076 517 1118 Littera
546 1077 634 1118 iam
664 1077 779 1117 lasso
810 1077 964 1131 pollice
997 1077 1123 1118 sistat
1155 1091 1281 1131 opus,

292 1133 444 1176 Cetera
473 1150 549 1190 per
582 1135 718 1176 socias
752 1134 985 1189 Clymenen
1014 1135 1307 1189 Aethramque
1338 1135 1581 1190 loquamur,

350 1193 466 1242 Quae
499 1193 605 1234 mihi
637 1197 736 1235 simt
769 1194 947 1235 comites
980 1193 1290 1247 consiliumque
1323 1193 1446 1234 duae!

740 1307 968 1342 LEANDER,
992 1308 1188 1343 HERONI.

152 1369 442 1410 XVH.*Mittit
473 1368 725 1424 Abydenus,
757 1384 885 1423 quam
916 1368 1064 1410 mallet
1095 1369 1223 1423 ferre,
1254 1368 1456 1424 salutem,

351 1428 397 1469 Si
430 1429 554 1469 cadat
584 1428 697 1468 unda
727 1427 876 1482 maris,
909 1427 1022 1469 Sesti
1053 1427 1214 1482 puella,
1244 1427 1374 1468 tibi*

293 1486 338 1527 Si
369 1486 475 1527 mihi
507 1486 549 1527 di
580 1486 726 1527 faciles
759 1489 801 1527 et
834 1489 935 1527 sunt
965 1486 1011 1526 in
1042 1500 1186 1527 amore
1219 1485 1411 1541 secundi,

349 1544 503 1586 Invitis
536 1545 669 1586 oculis
701 1545 806 1586 haec
837 1559 932 1585 mea
962 1545 1092 1585 verba
1123 1545 1250 1600 leges.

255 1614 271 1639 5
294 1603 375 1645 Sed
406 1618 494 1644 non
525 1606 624 1644 sunt
655 1603 819 1644 faciles!
851 1618 951 1644 nam
983 1618 1057 1644 cur
1088 1618 1183 1644 mea
1213 1605 1315 1644 vota
1345 1605 1568 1644 morantur

350 1660 529 1703 Currere
561 1677 627 1703 me
658 1665 763 1703 nota
792 1676 870 1703 nec
900 1661 1123 1716 patiuntur
1156 1661 1295 1715 aqua?

291 1721 390 1775 Ipsa
421 1721 538 1761 vides
571 1720 734 1761 caelum
765 1720 858 1774 pice
889 1720 1054 1775 nigrius
1088 1723 1130 1760 et
1161 1720 1272 1761 freta
1302 1719 1441 1761 ventis

349 1779 539 1820 Turbida
568 1793 725 1833 perque
758 1793 882 1820 cavas
914 1779 985 1820 vix
1018 1779 1209 1819 adeunda
1239 1781 1365 1819 rates.

291 1836 431 1892 Unus,
463 1840 505 1878 et
536 1837 606 1878 hic
639 1838 794 1892 audaX,
825 1853 850 1879 a
881 1852 965 1890 quo
997 1837 1078 1878 tibi
1109 1837 1254 1878 littera
1284 1839 1433 1878 nostra

241 1908 273 1931 10
350 1896 576 1951 Redditur,
607 1911 629 1937 e
661 1899 789 1950 portu
819 1896 966 1937 navita
997 1896 1132 1937 movit
1162 1896 1262 1937 iter:

291 1954 586 1995 Adscensurus
621 1969 754 2009 eram,
784 1954 867 1995 nisi
901 1955 1031 2009 quod,
1062 1969 1158 1996 cum
1188 1953 1358 1995 vincula
1386 1968 1538 2008 prorae

352 2012 562 2068 Solveret,
591 2013 638 2053 in
669 2013 851 2067 speculis
885 2013 1022 2054 omm's
1055 2013 1231 2067 Abydos
1263 2015 1367 2053 erat.

292 2070 392 2111 Non
422 2075 616 2125 poteram
649 2072 784 2112 celare
816 2086 953 2127 meos,
983 2072 1100 2112 velut
1133 2074 1248 2125 ante,
1278 2073 1494 2125 parentes,

352 2128 569 2183 Quemque
602 2130 691 2185 tegi
722 2130 936 2184 volumus,
967 2145 1054 2171 non
1084 2130 1284 2170 latuisset
1315 2144 1445 2170 amor.

243 2198 273 2223 15
292 2187 494 2228 Protinus
527 2189 630 2230 haec
663 2188 851 2230 scribens
884 2189 1019 2243 ‘felix,
1049 2188 1082 2244 i,
1112 2188 1290 2229 litteral’
1324 2187 1428 2242 dixi,

352 2245 459 2286 ‘Iam
490 2246 570 2287 tibi
602 2247 835 2288 formosam
866 2247 1058 2302 porriget
1088 2247 1163 2288 illa
1194 2261 1379 2288 manum.

292 2304 494 2345 Forsitan
525 2306 706 2346 admotis
739 2306 868 2346 etiam
900 2309 1074 2361 tangere
1106 2305 1291 2359 labellis,

350 2362 563 2418 Rumpere
596 2364 696 2404 dum
726 2364 850 2405 niveo
882 2364 1052 2406 vincula
1083 2365 1206 2405 dente
1238 2362 1379 2405 volet.'
