1674 2662
517 160 593 194 1111.
620 159 884 193 PHAEDRA
909 169 1029 194 8-81.
1385 157 1440 198 83

53 267 86 294 45
108 255 241 310 Saepe
273 255 393 296 iuvat
423 269 591 295 versare
622 255 735 295 leves
767 254 812 294 in
842 253 1013 307 pulvere
1046 267 1193 294 currus

166 314 453 367 Torquentem
484 313 615 353 frenis
650 327 723 353 ora
754 312 918 366 fugacis
951 311 1065 365 equi3

106 371 230 413 Nunc
262 371 393 425 feror,
424 374 473 411 ut
504 370 661 411 Bacchi
694 370 816 410 furiis
849 369 1057 410 Eleleides
1090 372 1226 423 actae,

130 429 366 483 *Quaeque
400 429 477 470 sub
510 429 637 469 Idaeo
670 432 875 482 tympana
907 427 1012 469 colle
1044 430 1232 480 movent,

107 488 195 529 Aut
229 502 332 541 quas
366 487 574 528 semideae
607 486 784 540 dryades
817 485 1036 539 Faunique
1068 485 1263 526 bicornes

52 558 88 582 ⁵0
165 545 350 586 Numine
383 548 602 586 contactas
636 548 856 585 attonuere
891 558 977 584 suo.

106 603 301 657 Namque
333 603 439 643 mihi
470 602 679 656 referunt,
712 617 808 643 cum
840 616 884 642 se
915 601 1033 642 furor
1063 601 1135 641 ille
1167 600 1350 653 remisit,

167 661 337 715 Omnia3
369 676 435 702 me
467 661 644 701 tacitam
676 660 870 701 conscius
902 660 988 700 urit
1021 673 1149 700 amor.

106 719 308 760 Forsitan
339 720 450 760 hunc
484 719 648 773 generis
681 718 771 759 fato
802 718 1026 758 reddamus
1059 731 1264 770 amorem,

165 778 224 818 Et
254 777 399 818 Venus
432 792 482 817 ex
513 780 606 817 tota
638 780 762 831 gente
794 776 957 816 tributa
988 778 1123 829 petat:

54 847 87 873 55
107 835 301 890 Iuppiter
331 836 533 889 Europen
566 834 764 888 (primast
796 848 845 874 ea
877 834 1016 888 gentis
1049 831 1191 888 origo)

165 893 345 947 Dilexit,
377 896 500 933 tauro
533 892 828 932 dissimulante
861 892 1003 945 deum3

106 951 317 1005 Pasiphae
349 954 503 1004 mater,
535 950 710 1003 decepto
744 949 913 990 subdita
944 953 1085 1003 tauro,

166 1009 348 1050 Enixast
379 1012 500 1049 utero
534 1008 693 1049 crimen
726 1021 914 1060 onusque
947 1021 1041 1060 suo3

106 1067 297 1108 Perfidus
330 1066 534 1122 Aegides,
565 1065 763 1107 ducentia
793 1065 865 1105 fila
898 1068 1086 1119 secutus,

55 1137 91 1162 6⁰
169 1125 309 1167 Curva
339 1139 456 1166 meae
488 1124 600 1179 fugit
632 1126 746 1165 tecta
778 1123 936 1164 sororis
969 1137 1058 1177 ope.

107 1184 193 1234 En,
225 1197 304 1238 ego
335 1197 468 1236 nunc,
497 1197 550 1223 ne
581 1182 691 1222 forte
723 1196 874 1235 parum
905 1181 1066 1222 Minoia
1098 1181 1261 1235 credar,

167 1241 217 1282 In
250 1241 385 1282 socias
416 1241 532 1295 leges
565 1240 717 1280 ultima
750 1239 889 1294 gentis
922 1241 988 1280 eo!

108 1299 201 1340 Hoc
235 1313 401 1353 quoque
432 1298 623 1338 fatalest:
654 1297 815 1351 placuit
847 1297 996 1338 domus
1028 1311 1112 1337 una
1144 1297 1325 1351 duabus3

167 1357 235 1398 Me
267 1360 342 1398 tua
373 1356 512 1396 forma
543 1356 675 1409 capit,
707 1359 831 1409 capta
861 1358 1035 1409 parente
1070 1369 1205 1408 sor0r3

58 1427 90 1452 65
110 1415 312 1456 Thesides
344 1414 616 1467 Theseusque
649 1414 751 1454 duas
784 1427 960 1467 rapuere
993 1427 1176 1454 sorores:

167 1473 319 1514 Ponite
352 1473 401 1513 de
432 1475 582 1513 nostra
611 1471 713 1512 bina
743 1474 918 1525 tropaea
951 1471 1092 1511 domo!

109 1531 316 1585 Tempore
349 1545 432 1585 quo
462 1530 587 1571 nobis
618 1529 769 1570 initast
801 1528 985 1570 Cerealis
1017 1529 1212 1583 Eleusin,

170 1588 350 1631 (Gnosia
381 1603 448 1629 me
480 1588 632 1629 vellem
663 1587 915 1628 detinuisset
945 1587 1116 1627 humus!

110 1647 228 1688 Tunc
259 1647 365 1688 mihi
396 1646 640 1701 praecipue,
676 1660 752 1687 nec
784 1659 870 1686 non
901 1649 1044 1686 tamen
1076 1648 1191 1699 ante,
1227 1644 1444 1699 placebas)

60 1716 92 1741 ⁷0
169 1705 280 1746 Acer
311 1705 356 1745 in
386 1704 586 1745 extremis
620 1704 786 1745 ossibus
818 1703 957 1744 haesit
989 1718 1118 1744 amor.

112 1762 300 1805 Candida
330 1763 461 1803 vestis
494 1766 602 1816 erat,
632 1762 864 1816 praecincti
896 1762 998 1802 flore
1032 1761 1191 1815 capilli,

168 1821 299 1862 Flava
331 1821 591 1861 verecundus
623 1819 810 1860 tinxerat
842 1834 915 1860 ora
946 1820 1093 1872 rubor,

111 1878 327 1932 Quemque
359 1882 514 1919 vocant
546 1877 652 1918 aliae
683 1878 850 1918 vultum
880 1877 1149 1931 rigidumque
1180 1880 1444 1932 trucemque,

170 1936 251 1977 Pro
283 1936 421 1991 rigido
452 1936 646 1976 Phaedra
675 1935 812 1976 iudice
844 1935 968 1976 fortis
1001 1939 1102 1976 erat.

59 2005 91 2031 '55
113 1993 207 2035 Sint
238 1995 387 2048 procul
419 2009 443 2034 a
473 1993 597 2034 nobis
628 1993 800 2034 iuvenes
832 1997 879 2033 ut
910 1993 1068 2034 femina
1101 1993 1276 2047 compti!

170 2052 274 2093 Fine
308 2052 390 2093 coli
422 2052 588 2092 modico
620 2051 757 2092 forma
788 2051 922 2091 virilis
955 2054 1080 2092 amat.

111 2110 169 2151 Te
200 2114 299 2150 tuus
330 2110 412 2151 iste
444 2110 562 2164 rigor
592 2109 805 2163 positique
838 2109 927 2149 sine
959 2112 1048 2150 arte
1081 2109 1223 2164 capilli

169 2168 227 2209 Et
257 2167 362 2208 levis
395 2168 567 2222 egregio
598 2167 738 2220 pulvis
769 2167 814 2207 in
846 2181 916 2207 ore
949 2167 1085 2208 decet:

113 2223 209 2266 Sive
240 2225 393 2266 ferocis
427 2226 523 2278 equi
553 2225 761 2266 luctantia
793 2224 901 2265 colla
932 2239 1147 2279 recurvas,

59 2293 93 2319 80
170 2283 339 2338 Exiguo
371 2283 502 2324 flexos
535 2283 667 2324 miror
697 2283 742 2323 in
774 2283 874 2323 orbe
906 2283 1050 2338 pedes3

114 2339 196 2382 Seu
227 2342 390 2383 lentum
420 2341 560 2382 valido
592 2344 764 2394 torques
796 2340 951 2382 hastile
983 2342 1160 2396 lacerto,

1115 2408 1159 2443 6*
