1674 2662
813 0 1099 9 ψῆή-..τ
1103 0 1168 9 ῂ.π

650 164 677 208 Ι,
702 175 753 200 396
768 185 809 190 -
824 175 887 200 469.
1353 163 1435 204 195

103 258 241 300 Multa
270 262 425 314 rogant
456 260 613 300 utenda
643 259 751 312 dari,
782 259 881 300 data
911 258 1083 300 reddere
1113 258 1285 312 nolunt3

160 316 326 370 Perdis,
357 321 399 358 et
430 317 475 357 in
506 317 659 358 damno
693 317 831 372 gratia
860 317 978 358 nulla
1007 320 1101 358 tuo:

33 387 85 412 435
103 373 202 416 Non
234 374 357 429 mihi,
395 375 622 430 sacrilegas
660 375 931 416 meretricum
967 377 1015 416 ut
1052 389 1281 429 persequar
1313 377 1436 427 artes,

162 431 270 474 Cum
302 433 482 474 totidem
512 433 670 488 linguis
705 433 790 474 sint
822 433 925 474 satis
959 447 1032 474 ora
1063 433 1216 474 decem.

104 489 210 532 Cera
240 491 394 532 vadum
425 494 607 545 temptet
639 491 745 532 rasis
778 491 919 531 infusa
949 490 1138 545 tabellis,

162 548 268 590 Cera
299 552 397 590 tuae
429 549 613 602 primum
645 549 814 590 conscia
845 549 999 590 mentis
1032 552 1118 603 eat3

104 606 343 648 Blanditias
375 606 484 648 ferat
516 607 591 647 illa
621 610 717 648 tuas
748 607 1000 660 imitataque
1033 610 1251 648 amantum

33 677 84 701 440
162 664 323 718 Verba,
353 679 429 706 nec
462 665 655 719 exiguas,
687 665 879 720 quisquis
912 679 973 718 es,
1005 665 1107 705 adde
1140 666 1322 718 preces!‚

104 722 291 764 Hectora
323 723 495 763 donavit
525 722 696 763 Priamo
727 737 850 777 prece
882 726 1024 763 motus
1055 722 1262 777 Achilles3

163 780 372 822 Flectitur
402 781 538 822 iratus
570 795 671 822 voce
702 784 881 835 rogante
914 781 1026 822 deus.

104 838 357 892 Promittas,
388 838 535 880 facito!
569 839 670 892 quid
700 839 812 880 enim
843 839 1092 893 promittere
1123 838 1282 880 laedit‘?

162 895 371 937 Pollicitis
403 897 517 937 dives
550 897 730 950 quilibet
761 911 852 937 esse
883 900 1038 950 potest.

33 967 84 991 44⁵
106 953 210 1008 Spes
242 957 359 995 tenet
389 954 433 994 in
471 959 655 1008 tempus,
694 954 822 995 semel
860 958 924 995 est
957 955 993 995 si
1031 954 1208 1008 credita,
1243 954 1438 1009 longum:

161 1011 241 1052 Illa
275 1012 444 1065 quidem
475 1012 624 1065 fallax,
656 1012 728 1052 sed
759 1016 904 1053 tamen
935 1015 1035 1066 apta
1066 1013 1196 1053 deast.

104 1068 149 1110 Si
181 1069 343 1110 dederis
375 1069 552 1124 aliquid,
582 1069 742 1124 poteris
774 1071 939 1111 ratione
971 1070 1170 1124 relinqui:

160 1126 446 1169 Praeteritum
476 1127 623 1169 tulerit
653 1128 966 1182 perdideritque
996 1128 1122 1182 nihil3

103 1187 162 1227 At
195 1186 306 1239 quod
336 1199 423 1226 non
455 1185 634 1239 dederis,
667 1201 831 1240 semper
861 1186 1028 1227 videare
1061 1187 1252 1227 daturus:

32 1255 84 1281 450
164 1242 233 1285 Sic
265 1243 483 1284 dominum
515 1243 671 1284 sterilis
704 1258 827 1298 saepe
859 1243 1012 1285 fefellit
1044 1258 1162 1299 ager,

105 1300 192 1355 Sic,
223 1315 275 1342 ne
306 1301 554 1355 perdiderit,
585 1315 671 1342 non
703 1305 840 1342 cessat
871 1302 1043 1356 perdere
1074 1302 1209 1355 lusor,
1264 1315 1266 1318 ’

161 1359 219 1400 Et
251 1362 421 1400 revocat
454 1359 626 1413 cupidas
658 1359 748 1400 alea
781 1374 904 1413 saepe
935 1374 1098 1400 manus.

102 1417 195 1459 Hoc
229 1431 353 1471 opus,
383 1417 451 1458 hic
483 1417 605 1458 labor
636 1420 713 1470 est,
742 1417 881 1471 primo
915 1417 1005 1458 sine
1036 1431 1208 1458 munere
1239 1417 1378 1472 iungi:

161 1474 226 1516 Ne
260 1475 421 1516 dederit
453 1475 603 1529 gratis,
635 1489 741 1528 quae
774 1475 906 1528 dedit,
937 1490 1070 1530 usque
1103 1476 1231 1516 dabit.

33 1545 84 1571 455
103 1533 220 1587 Ergo
254 1537 322 1574 eat
354 1536 395 1574 et
425 1533 591 1573 blandis
623 1537 842 1587 peraretur
872 1533 1017 1574 littera
1047 1533 1188 1574 verbis

160 1591 448 1645 Exploretque
481 1591 644 1632 animos
675 1591 894 1645 primaque
927 1595 1107 1645 temptet
1138 1592 1238 1632 iter:

103 1649 266 1690 Littera
299 1648 517 1703 Cydippen
548 1663 675 1703 pomo
706 1649 871 1703 perlata
901 1649 1072 1703 fefellit,

160 1707 428 1761 Insciaquest
457 1707 597 1748 verbis
630 1711 753 1761 capta
784 1707 925 1761 puella
957 1707 1056 1748 suis.

0 1813 1 1822 ἵ
104 1765 231 1806 Disce
264 1765 397 1805 bonas
425 1767 555 1818 artes,
586 1779 756 1819 moneo,
785 1764 980 1806 Romana
1010 1765 1227 1819 iuventus,

0 1843 1 1846 ¹
33 1834 86 1859 460
163 1822 263 1863 Non
293 1826 462 1863 tantum
493 1823 680 1876 trepidos
711 1826 760 1863 ut
791 1826 936 1864 tueare
967 1837 1080 1864 reos:

104 1880 240 1930 Quam
269 1880 452 1934 populus
483 1880 690 1934 iudexque
724 1881 864 1935 gravis
895 1881 1113 1935 lectusque
1146 1883 1336 1936 senatus,

161 1938 266 1980 Tam
297 1938 416 1979 dabit
447 1937 615 1991 eloquio
646 1938 758 1980 victa
788 1939 928 1993 puella
960 1953 1121 1980 manus.

105 1995 186 2038 Sed
216 1997 378 2037 lateant
409 1995 536 2048 vires,
567 2010 644 2037 nec
677 1996 734 2037 sis
766 1996 812 2036 in
842 1996 981 2037 fronte
1014 1997 1214 2052 disertus;

162 2054 383 2109 Effugiant
414 2067 538 2094 voces
570 2054 699 2095 verba
729 2054 909 2095 molesta
940 2056 1054 2096 tuae!

32 2123 84 2149 405
105 2111 226 2166 Qm's,
256 2112 340 2153 m'si
371 2112 526 2152 mentis
557 2112 699 2165 inops,
731 2115 898 2153 tenerae
931 2113 1139 2154 declamat
1171 2113 1360 2154 amicae?

139 2169 308 2223 *Saepe
339 2169 483 2210 valens
517 2169 601 2210 odii
632 2169 775 2211 littera
808 2185 935 2211 causa
965 2170 1058 2212 fm't.

105 2227 170 2269 Sit
201 2228 281 2268 tibi
313 2227 525 2268 credibilis
558 2241 694 2268 sermo
727 2232 1010 2282 consuetaque
1042 2229 1186 2281 verba,

160 2285 322 2327 Blanda
354 2289 515 2339 tamen,
545 2300 745 2339 praesens
775 2290 824 2327 ut
854 2286 1020 2328 videare
1050 2287 1178 2341 loqui.

105 2342 149 2384 Si
179 2357 266 2385 non
298 2343 477 2398 accipiet
510 2343 715 2398 scriptum
744 2344 1031 2398 inlectumque
1061 2346 1268 2399 remittet,

1081 2414 1150 2448 13*
