1690 2656
254 154 306 196 78
774 152 1069 187 HEROIDES.

309 249 464 291 Infelix
495 249 651 290 iterum
684 263 778 289 sum
810 247 916 287 mihi
948 247 1040 287 visa
1072 247 1177 300 capi.

251 307 385 362 Saepe
418 322 497 362 ego
530 308 706 360 decepto
739 306 855 346 volui
888 306 1062 346 custode
1095 305 1269 360 reverti,

310 365 410 420 Sed,
441 380 507 406 me
541 365 612 418 qui
644 364 840 405 timidam
870 363 1082 418 redderet,
1112 363 1250 405 hostis
1284 367 1390 405 erat:

251 424 294 465 Si
326 438 554 479 progressa
585 423 739 477 forem,
765 436 937 476 caperer
967 437 1040 477 ne,
1067 425 1211 475 nocte,
1243 422 1466 477 timebam,

196 495 229 519 20
309 482 552 531 Quamlibet
584 481 636 522 ad
668 481 829 522 Priami
861 494 1015 521 munus
1047 480 1161 521 itura
1191 495 1359 521 nurum.

251 540 331 581 Sed
364 541 463 581 data
495 540 596 594 sim,
628 539 727 593 quia
759 539 897 580 danda
927 539 1005 579 fui:
1038 541 1105 580 tot
1135 539 1335 580 noctibus
1368 539 1520 580 absum

307 597 396 640 Nec
427 601 616 653 repetor3
648 612 807 652 cessas,
838 597 984 650 iraque
1016 597 1133 638 lenta
1164 600 1293 638 tuast,

247 657 344 711 Ipse
376 656 666 697 Menoetiades
699 659 810 711 tum,
842 671 939 697 cum
970 656 1187 710 tradebar,
1218 656 1263 696 in
1295 670 1440 696 aurem

307 714 432 763 eQuid
464 715 569 756 fies?
600 714 671 755 hic
701 728 833 768 parvo
866 713 1074 768 tempore'
1108 714 1215 754 dixit
1246 713 1371 755 ‘eris’.

195 784 226 809 25
247 772 335 814 Nec
369 773 593 827 repetisse,
624 774 791 827 parum!
824 787 1010 828 pugnas,
1040 787 1092 813 ne
1125 772 1293 826 reddar,
1323 771 1508 813 Achille:

305 831 325 872 Ι
357 846 470 873 nunc
503 835 545 872 et
577 831 718 885 cupidi
749 845 905 872 nomen
938 830 1121 871 amantis
1153 831 1279 871 habe!

245 889 467 931 Venerunt
500 890 552 930 ad
583 892 625 930 te
657 889 885 930 Telamone
919 892 961 929 et
991 890 1233 941 Amyntore
1264 888 1375 943 nati,

304 948 382 989 Ille
417 948 550 1002 gradu
581 948 757 1002 propior
789 947 1029 1002 sanguinis,
1059 947 1130 988 ille
1164 961 1324 1000 comes,

245 1006 484 1060 Laertaque
518 1009 656 1060 satus,
686 1020 761 1060 per
793 1020 899 1060 quos
933 1005 1137 1046 comitata
1168 1005 1349 1045 redirem

193 1075 226 1100 30
307 1064 550 1118 (Auxerunt
580 1064 758 1105 blandas
793 1063 969 1119 grandia
1002 1064 1111 1104 dona
1141 1061 1307 1118 preces)

244 1122 415 1178 Viginti
446 1122 586 1163 fulvos
620 1136 798 1176 operoso
832 1137 882 1163 ex
915 1136 1008 1162 aere
1039 1122 1202 1162 lebetas

304 1181 362 1222 Et
394 1181 585 1234 tripodas
618 1184 781 1234 septem
812 1180 998 1234 pondere
1031 1183 1074 1220 et
1105 1183 1195 1220 arte
1227 1194 1368 1234 pares,

245 1239 405 1280 Addita
437 1242 536 1279 sunt
567 1239 653 1279 illis
687 1239 778 1279 auri
809 1238 875 1279 bis
909 1238 1095 1292 quinque
1127 1238 1308 1292 talenta,

303 1297 378 1338 Bis
412 1311 485 1338 sex
518 1297 682 1337 adsueti
713 1296 1080 1350 vincerersemper
1112 1296 1227 1350 equi,

191 1366 224 1391 35
245 1355 450 1409 Quodque
483 1358 853 1409 supervacuumst,
884 1354 1023 1395 forma
1053 1357 1298 1409 praestante
1331 1355 1496 1409 puellae

302 1413 526 1467 Lesbides,
558 1428 704 1454 eversa
736 1427 914 1467 corpora
946 1415 1071 1466 capta
1103 1413 1247 1467 domo,

245 1471 436 1525 Cumque
462 1474 530 1512 tot
555 1472 621 1512 his
646 1470 739 1525 (sed
758 1485 846 1512 non
866 1486 972 1525 opus
994 1474 1058 1511 est
1078 1471 1158 1511 tibi
1179 1470 1378 1526 coniuge)
1401 1471 1583 1512 coniunx

302 1530 368 1571 Ex
399 1529 752 1585 Agamemnoniis
784 1544 870 1570 una
899 1529 1042 1583 puella
1073 1529 1222 1569 tribus.

246 1588 289 1630 Si
321 1588 401 1629 tibi
434 1589 486 1629 ab
517 1588 668 1629 Atride
698 1588 836 1642 pretio
868 1587 1113 1628 redimenda
1144 1587 1337 1642 fuissem,

191 1657 225 1682 40
304 1646 419 1695 Quae
453 1647 551 1687 dare
583 1647 806 1700 debueras,
838 1646 1026 1699 accipere
1058 1645 1133 1686 illa
1163 1647 1312 1700 negas!

245 1704 337 1753 Qua
369 1705 505 1746 merui
538 1705 662 1758 culpa
692 1704 785 1744 fieri
816 1704 897 1744 tibi
928 1704 1043 1757 vilis,
1072 1703 1270 1745 Achille?

303 1762 394 1812 Quo
426 1763 531 1804 levis
565 1778 589 1803 a
618 1762 744 1803 nobis
776 1765 865 1803 tam
898 1762 982 1803 cito
1015 1762 1129 1816 fugit
1162 1762 1309 1803 amor?

242 1822 313 1862 An
344 1821 522 1862 miseros
555 1821 693 1861 tristis
725 1820 899 1861 fortuna
930 1820 1138 1861 tenaciter
1168 1824 1313 1875 urget,

301 1878 391 1921 Nec
422 1880 540 1920 venit
570 1878 751 1933 inceptis
784 1879 954 1919 mollior
984 1879 1090 1919 hora
1122 1879 1257 1920 meis‘?

189 1947 222 1972 45
242 1937 398 1978 Diruta
428 1937 566 1978 Marte
599 1940 674 1978 tuo
706 1937 913 1991 Lyrnesia
945 1937 1113 1978 moenia
1144 1937 1248 1991 vidi,

303 1995 378 2036 (Et
409 1995 574 2037 fueram
604 1995 767 2050 patriae
799 2010 897 2050 pars
931 2010 1009 2050 ego
1042 2010 1200 2050 magna
1230 1994 1366 2050 meae)

242 2053 343 2094 Vidi
376 2058 593 2095 consortes
625 2054 787 2108 pariter
819 2054 1068 2109 generisque
1099 2054 1299 2107 necisque

301 2111 403 2152 Tres
437 2112 655 2167 cecidisse,
686 2111 863 2168 (tribus,
894 2126 1000 2165 quae
1032 2112 1155 2166 mihi,
1187 2115 1323 2153 mater
1354 2111 1462 2166 erat)

242 2169 360 2224 Vidi,
392 2173 576 2223 quantus
609 2174 717 2225 erat,
748 2171 891 2211 fusum
922 2171 1072 2211 tellure
1105 2173 1280 2211 cruenta

189 2238 223 2263 50
301 2226 482 2268 Pectora
512 2228 745 2270 iactantem
778 2229 1107 2283 sanguinulenta
1138 2229 1293 2270 virum:

242 2285 325 2326 Tot
357 2288 500 2326 tamen
533 2286 700 2328 amissis
734 2290 775 2327 te
809 2287 1160 2341 conpensavimus
1194 2301 1342 2341 unum3

302 2343 365 2384 Tu
398 2343 613 2399 dominus,
644 2348 691 2385 tu
722 2345 804 2399 vir,
835 2348 883 2385 tu
916 2346 1021 2386 mihi
1052 2345 1183 2386 frater
1215 2359 1318 2386 eras.
