1690 2656
307 142 390 183 178
820 141 1141 176 EPISTULAE.

305 237 386 278 Est
418 237 579 278 nitidus
613 236 808 289 vitroque
841 236 979 291 magis
1011 236 1252 290 perlucidus
1284 237 1399 278 omni

363 295 478 336 Fons
512 309 630 335 sacer
661 293 793 349 (hunc
825 294 949 335 multi
981 309 1138 335 numen
1168 295 1325 336 habere
1356 295 1550 352 putant),

306 353 439 402 Quem
473 367 601 406 supra
633 366 774 393 ramos
807 352 1008 406 expandit
1040 352 1238 406 aquatica
1268 353 1400 409 lotos,

234 423 285 447 160
364 411 459 452 Una
490 425 658 466 nemus,
690 413 836 451 tenero
870 410 1056 465 caespite
1088 414 1202 452 terra
1232 411 1358 452 viret:

303 469 384 510 Hic
419 483 498 523 ego
532 483 628 510 cum
660 468 795 509 lassos
828 469 1067 523 posuissem
1099 469 1270 510 fletibus
1304 473 1440 525 artus,

364 526 571 568 Constitit
603 530 701 568 ante
734 527 880 568 oculos
912 527 1031 568 naias
1064 541 1148 568 una
1180 542 1315 583 meos3

305 585 513 627 Constitit
547 588 588 626 et
621 585 729 626 dixit
761 585 977 638 ‘quoniam
1009 599 1097 626 non
1127 586 1299 640 ignibus
1332 587 1477 640 aequis

362 643 529 698 Ureris,
560 643 834 685 Ambraciast
864 646 978 684 terra
1008 644 1190 697 petenda
1221 644 1318 699 tibi3

234 714 284 738 165
303 702 504 743 Phoebus
537 702 589 742 ab
622 702 807 756 excelso,
840 705 1047 755 quantum
1078 705 1214 755 patet,
1245 702 1427 756 adspicit
1459 718 1617 759 aequor

365 759 610 816 (Actiacum
640 760 788 814 populi
819 759 1162 813 Leucadiumque
1195 761 1384 816 vocant):

303 819 415 860 Hinc
449 834 492 859 se
524 818 762 860 Deucalion
792 817 981 872 Pyrrhae
1014 833 1240 859 succensus
1274 833 1416 861 amore

362 877 483 918 Misit
515 880 557 917 et
587 877 751 917 inlaeso
784 891 960 930 corpore
991 876 1148 930 pressit
1179 892 1328 931 aquas3

303 935 394 976 Nec
427 949 565 989 mora,
596 950 743 976 versus
776 949 896 976 amor
927 935 1074 990 tetigit
1106 935 1345 976 lentissima
1374 935 1563 991 Pyrrhae

235 1005 286 1029 170
364 993 562 1047 Pectora,
594 993 830 1034 Deucalion
861 993 960 1047 igne
992 993 1155 1034 levatus
1188 997 1290 1034 erat.

304 1052 426 1093 Hanc
458 1052 597 1106 legem
628 1051 747 1092 locus
778 1051 850 1092 ille
882 1054 1011 1091 tenet.
1055 1054 1151 1105 pete
1184 1051 1379 1104 protinus
1413 1052 1545 1093 altam

362 1110 558 1151 Leucada
589 1124 667 1150 nec
700 1123 801 1150 saxo
834 1109 1054 1150 desiluisse
1086 1109 1221 1150 timel'

303 1167 363 1209 Ut
396 1168 580 1222 monuit,
612 1183 708 1209 cum
740 1182 842 1208 voce
875 1167 999 1221 abiit3
1031 1181 1110 1221 ego
1143 1167 1293 1208 territa
1325 1181 1473 1223 surgo,

362 1225 453 1268 Nec
486 1226 684 1281 gravidae
715 1225 914 1266 lacrimas
948 1225 1195 1266 continuere
1229 1240 1371 1280 genae.

233 1295 283 1319 175
303 1285 487 1339 Ibimus,
520 1299 543 1324 o
575 1284 781 1338 nymphe,
812 1286 1134 1337 monstrataque
1167 1298 1268 1325 saxa
1297 1286 1509 1337 petemus:

366 1342 430 1384 Sit
461 1343 610 1396 procul
641 1342 793 1383 insano
825 1342 964 1383 victus
997 1355 1139 1383 amore
1172 1342 1317 1383 timor!

304 1401 518 1455 Quidquid
551 1401 650 1455 erit,
681 1400 833 1441 melius
866 1414 994 1453 quam
1024 1414 1137 1441 nunc
1169 1400 1265 1441 erit!
1308 1415 1429 1455 aura,
1460 1401 1620 1443 subito:

362 1460 421 1501 Et
453 1473 547 1500 mea
577 1473 664 1499 non
696 1473 899 1514 magnum
932 1472 1111 1512 corpora
1141 1458 1306 1512 pondus
1338 1459 1515 1513 habent3

303 1518 366 1559 Tu
401 1531 586 1571 quoque,
618 1517 759 1558 mollis
792 1517 945 1570 Amor,
975 1531 1135 1570 pennas
1169 1530 1360 1570 suppone
1392 1517 1578 1572 cadenti,

235 1586 284 1611 180
363 1575 428 1616 Ne
463 1576 543 1616 sim
574 1575 811 1616 Leucadiae
842 1578 1012 1615 mortua
1044 1575 1204 1615 crimen
1235 1576 1384 1628 aquae!

305 1634 408 1675 Inde
441 1634 594 1688 chelyn
625 1633 819 1688 Phoebo,
851 1633 1094 1674 communia
1125 1646 1316 1686 munera,
1346 1646 1522 1687 ponam,

362 1693 421 1732 Et
454 1693 532 1733 sub
566 1706 615 1732 ea
645 1706 792 1732 versus
824 1705 934 1732 unus
967 1694 1009 1731 et
1040 1691 1147 1731 alter
1178 1694 1319 1732 erunt:

305 1750 455 1791 ‘Grata
486 1750 623 1804 lyram
655 1749 779 1803 posui
811 1749 910 1803 tibi,
940 1748 1131 1802 Phoebe,
1160 1749 1328 1802 poetria
1360 1748 1550 1804 Sappho:

364 1808 574 1850 Convenit
604 1808 680 1848 illa
710 1807 834 1862 mihi,
866 1807 1064 1848 convenit
1095 1807 1169 1847 illa
1201 1807 1309 1848 tibi?

235 1878 284 1902 185
306 1865 391 1908 Cur
423 1870 567 1908 tamen
598 1866 798 1907 Actiacas
830 1865 1029 1906 miseram
1061 1879 1127 1906 me
1160 1865 1297 1906 mittis
1330 1865 1381 1906 ad
1415 1879 1528 1920 oras,

364 1924 471 1966 Cum
501 1924 732 1979 profugum
762 1924 902 1978 possis
933 1924 1025 1977 ipse
1059 1923 1215 1964 referre
1246 1923 1425 1977 pedem?

303 1983 367 2024 Tu
400 1983 505 2023 mihi
537 1982 750 2025 Leucadia
779 1985 902 2036 potes
935 1996 1026 2023 esse
1059 1981 1270 2022 salubrior
1302 1981 1430 2022 unda:

363 2041 421 2081 Et
452 2041 591 2082 forma
623 2044 665 2082 et
697 2040 860 2081 meritis
893 2043 940 2081 tu
971 2040 1076 2081 mihi
1108 2039 1307 2080 Phoebus
1339 2039 1438 2081 eris.

304 2100 373 2140 An
405 2102 546 2153 potes,
578 2113 602 2140 o
635 2099 821 2153 scopulis
853 2099 1047 2152 undaque
1079 2098 1262 2139 ferocior
1292 2097 1385 2151 illa,

235 2168 285 2193 190
366 2156 410 2198 Si
443 2157 618 2211 moriar,
650 2157 825 2198 titulum
857 2156 1008 2198 mortis
1040 2156 1196 2197 habere
1228 2155 1376 2196 meae?

304 2216 364 2256 At
396 2218 557 2268 quanto
590 2215 741 2256 melius
773 2215 894 2270 iungi
927 2229 1020 2256 mea
1052 2217 1225 2268 pectora
1255 2217 1397 2254 tecum

365 2272 500 2321 Quam
531 2276 732 2326 poterant
765 2273 877 2314 saxis
909 2272 1228 2327 praecipitanda
1260 2271 1365 2312 dari!

304 2331 422 2373 Haec
455 2334 555 2371 sunt
586 2331 678 2385 illa,
708 2331 876 2386 Phaon,
908 2346 1014 2384 quae
1046 2334 1093 2371 tu
1124 2330 1295 2371 laudare
1328 2329 1514 2383 solebas,
