1674 2662
251 162 346 197 VIII.
372 161 539 197 HERM.
567 173 729 197 111-122.
751 161 880 215 ⁴VIIII.
906 161 1183 196 DEIANIRA
1209 173 1316 198 1—58.
1369 162 1450 203 105

172 256 278 299 Cum
309 260 429 298 tener
459 257 506 298 in
537 257 655 298 cunis
687 257 773 298 iam
799 257 899 298 Iove
932 257 1085 311 dignus
1118 257 1239 297 eras?

114 314 303 370 Coepisti
335 315 506 368 melius,
537 330 663 368 quam
696 316 870 370 desinis3
903 315 1054 356 ultima
1084 315 1233 369 primis

173 372 356 415 Cedunt:
389 373 616 414 dissimiles
648 373 717 414 hic
749 374 814 414 vir
845 376 888 414 et
917 374 989 414 ille
1020 387 1143 427 puer3

0 437 2 490 ξ
62 443 94 468 25
115 431 248 481 Quem
278 446 366 473 non
397 432 512 472 mille
547 432 679 485 ferae,
717 446 842 485 quem
878 446 965 472 non
998 430 1264 473 Stheneleius
1301 430 1456 484 hostis,

172 489 272 531 Non
302 490 445 544 potuit
476 490 582 530 Iuno
615 490 800 544 vincere,
831 490 963 531 vincit
994 490 1139 531 Amor.

115 549 174 590 At
203 548 310 589 bene
341 551 476 602 nupta
507 548 768 602 ferorsquia
798 548 993 589 nominer
1023 547 1220 588 Herculis
1251 561 1376 601 uxor,

175 604 323 660 Sitque
357 621 494 660 socer,
525 606 682 660 rapidis
717 606 789 660 qui
820 610 942 648 tonat
975 606 1086 647 altus
1119 605 1249 659 equis.

114 663 250 713 Quam
282 664 392 705 male
423 664 666 718 inaequales
699 665 875 707 veniunt
908 665 959 705 ad
992 666 1133 705 aratra
1162 663 1344 715 iuvenci,

61 734 94 759 30
172 722 278 763 Tam
309 722 517 776 premitur
549 737 705 777 maono
739 723 918 777 coniuge
950 725 1084 776 nupta
1116 722 1271 775 minor3

112 779 213 822 Non
242 780 381 821 honor
413 784 478 821 est
510 781 583 821 sed
616 795 722 821 onus
754 781 914 835 species
946 781 1113 821 laesura
1143 779 1334 820 ferentis:

173 837 305 892 Siqua
336 839 452 880 voles
486 842 583 892 apte
614 839 791 893 nubere,
821 839 932 880 nube
964 838 1067 892 pari.

111 896 192 937 Vir
223 897 329 937 mihi
361 911 528 951 semper
559 897 699 951 abest,
730 900 771 938 et
804 897 983 950 coniuge
1014 896 1158 937 notior
1188 895 1364 949 hospes,

170 954 447 1008 Monstraque
479 955 691 995 terribiles
722 954 1074 1008 persequiturque
1105 954 1234 1007 feias3

60 1023 93 1049 35
113 1012 214 1067 Ipsa
247 1013 372 1054 domo
404 1012 531 1053 vidua
562 1012 674 1053 votis
708 1015 882 1066 operata
912 1012 1076 1066 pudicis

171 1070 408 1124 Torqueor,
436 1070 594 1111 infesto
627 1085 679 1111 ne
711 1071 776 1111 vir
808 1071 860 1110 ab
891 1070 1016 1110 hoste
1049 1070 1190 1124 cadat;

113 1129 230 1170 Inter
263 1132 479 1183 serpentes
512 1143 721 1183 aprosque
754 1129 983 1182 avidosque
1015 1129 1158 1169 leones

171 1187 314 1228 Iactor
346 1190 388 1228 et
417 1187 622 1228 haesuros
654 1191 775 1228 terna
805 1201 881 1241 per
914 1201 987 1228 ora
1019 1201 1156 1228 canes.

113 1245 182 1286 Me
213 1245 424 1299 pecudum
454 1245 586 1285 fibrae
620 1245 929 1298 simulacraque
960 1244 1105 1285 inania
1140 1244 1277 1285 somni

60 1316 94 1340 40
173 1302 408 1356 Omniaque
441 1317 596 1344 arcana
625 1306 750 1344 nocte
782 1303 919 1356 petita
950 1306 1138 1357 movent,

113 1362 316 1416 Aucupor
346 1361 494 1402 infelix
524 1361 711 1402 incertae
743 1376 960 1402 murmura
990 1360 1148 1414 famae,

174 1419 340 1474 Speque
372 1419 502 1460 timor
534 1419 661 1460 dubia
694 1433 872 1473 spesque
904 1419 1057 1459 timore
1090 1419 1214 1459 cadit.

114 1477 253 1519 Mater
286 1478 406 1519 abest
439 1477 713 1531 queriturque
746 1478 823 1518 deo
855 1477 1066 1531 placuisse
1098 1476 1283 1530 potenti,

172 1535 263 1577 Nec
293 1538 416 1590 pater
447 1536 738 1590 Amphitryon
767 1550 844 1576 nec
875 1550 980 1589 puer
1010 1534 1166 1589 Hyllus
1199 1535 1335 1589 adest3

62 1606 96 1630 45
115 1594 291 1635 Arbiter
321 1594 589 1648 Eurystheus
619 1594 707 1635 irae
741 1593 915 1634 Iunonis
946 1593 1117 1646 iniquae

174 1651 365 1694 Sentitur
395 1652 520 1693 nobis
552 1652 698 1705 iraque
731 1652 861 1707 longa
893 1652 1005 1692 deae.

114 1710 232 1752 Haec
262 1710 368 1751 mihi
400 1710 508 1751 ferre
540 1711 708 1764 parum!
741 1710 988 1765 peregrinos
1021 1709 1138 1750 addis
1173 1723 1357 1764 amores,

172 1768 232 1810 Et
262 1771 398 1810 mater
431 1769 480 1809 de
512 1771 554 1809 te
587 1768 802 1822 quaelibet
835 1783 924 1809 esse
956 1771 1110 1822 potest.

115 1826 215 1868 Non
247 1840 326 1882 ego
357 1826 600 1867 Partheniis
634 1829 886 1867 temeratam
917 1826 1101 1867 vallibus
1134 1826 1306 1880 Augen,

63 1895 96 1920 50
173 1884 264 1926 Nec
295 1885 477 1926 referam
507 1888 675 1939 partus,
706 1882 879 1926 Ormeni
910 1884 1117 1938 nympha,
1147 1887 1261 1938 tuos3

115 1941 216 1984 Non
245 1942 327 1984 tibi
359 1943 519 1984 crimen
550 1944 692 1996 erunt,
722 1942 1003 1983 Teuthrantia
1034 1942 1177 1996 turba,
1210 1955 1395 1997 sorores,

175 2000 363 2050 Quarum
395 2001 443 2042 de
475 2001 634 2055 populo
665 2001 785 2041 nulla
814 2001 964 2041 relicta
995 2000 1135 2041 tibist:

115 2057 230 2114 Una,
259 2074 404 2101 recens
437 2059 615 2113 crimen,
645 2059 851 2099 referetur
884 2059 1074 2099 adultera
1104 2058 1242 2113 nobis,

172 2115 296 2158 Unde
329 2131 408 2173 ego
441 2132 535 2158 sum
566 2117 685 2171 Lydo
717 2117 832 2158 faeta
862 2131 1044 2158 noverca
1074 2116 1225 2158 Lamo!

63 2185 97 2211 ⁵5
115 2174 387 2229 Maeandros,
417 2176 543 2216 terris
574 2175 732 2216 totiens
765 2178 928 2216 errator
957 2175 1004 2215 in
1033 2175 1186 2229 isdem,

175 2233 255 2282 Qui
286 2234 422 2274 lassas
453 2233 499 2274 in
530 2247 573 2274 se
607 2248 731 2287 saepe
762 2230 982 2287 retorquet
1013 2247 1162 2287 aquas,

116 2290 236 2332 Vidit
267 2292 312 2332 in
343 2291 553 2333 Herculeo
587 2305 792 2345 suspensa
822 2291 999 2332 monilia
1031 2291 1140 2333 00110

174 2349 276 2405 1110,
307 2350 375 2391 0111
408 2350 571 2391 caelum
604 2349 769 2391 sarcina
799 2365 929 2404 parva
960 2349 1053 2391 fuit.
