1674 2662
588 124 649 167 III,
676 137 722 167 vx,
750 135 782 159 16
798 137 902 167 —vr‚
929 134 972 160 89.
1411 126 1467 166 55

134 220 273 273 Atque
304 220 366 261 ita
398 218 513 272 equid
544 219 728 260 nostras'
762 219 868 260 dixit
901 219 1018 260 eteris
1052 219 1176 260 anxia
1207 219 1341 273 ripas,

189 277 288 331 Ilia,
320 278 372 318 ab
404 277 531 318 Idaeo
563 277 853 319 Laumedonte
886 277 1047 333 genus?

81 347 114 372 55
135 335 224 384 Quo
257 335 396 377 cultus
430 336 570 376 abiere
602 336 694 376 tui‘?
727 336 827 390 quid
860 336 950 377 sola
981 335 1168 390 vagaris,

189 393 312 435 Vitta
343 408 420 434 nec
452 394 640 435 evinctas
671 394 834 448 inpedit
867 394 964 435 alba
996 394 1168 435 comas?

134 451 241 500 Quid
273 452 348 492 fies
381 455 423 492 et
454 452 646 493 madidos
677 452 863 493 lacrimis
897 452 1133 506 corrumpis
1166 452 1321 493 ocellos

189 510 452 563 Pectoraque
483 510 633 551 insana
664 510 832 565 plangis
866 513 1012 565 aperta
1044 510 1201 551 manu?

131 567 206 608 Ille
238 568 368 609 habet
400 571 442 609 et
475 568 614 609 silices
647 572 689 609 et
720 568 863 609 vivum
895 569 940 608 in
970 571 1142 622 pectore
1174 568 1352 622 ferrum,

77 637 111 662 60
189 625 269 674 Qui
301 629 447 667 tenero
479 627 675 667 lacrimas
707 627 847 667 lentus
879 626 924 667 in
956 641 1027 667 ore
1059 626 1183 667 videt.

130 684 226 737 Ilia,
257 698 367 738 pone
399 686 555 725 metus!
587 685 667 726 tibi
698 685 816 739 regia
846 687 995 725 nostra
1025 685 1207 739 patebit,

187 742 329 796 Teque
361 742 501 783 colent
534 757 696 797 amnes3
728 743 825 797 Ilia,
855 757 965 796 pone
997 743 1152 783 metus!

129 800 192 841 Tu
225 804 394 841 centum
427 804 501 841 aut
532 801 673 855 plures
704 801 817 842 inter
848 801 1119 841 dominabere
1151 800 1378 854 nymphas:

187 858 300 899 Nam
332 862 503 900 centum
535 862 608 899 aut
638 859 779 912 plures
812 859 988 899 flumina
1017 862 1166 899 nostra
1197 862 1362 913 tenent3

75 928 108 952 65
128 916 193 958 Ne
226 931 291 957 me
325 931 492 971 sperne,
522 931 689 970 precor,
721 919 909 970 tantum,
940 916 1124 957 Troiana
1154 930 1362 971 propago:

186 974 363 1016 Munera
393 974 615 1029 promissis
647 975 847 1016 uberiora
877 974 1015 1015 feres?

127 1032 321 1087 Dixerat3
352 1033 427 1074 illa
459 1034 604 1074 oculos
635 1033 680 1073 in
711 1033 888 1074 humum
920 1033 1083 1074 deiecta
1114 1033 1329 1074 modestos

187 1090 425 1146 Spargebat
456 1094 625 1132 teneros
657 1091 811 1132 flebilis
842 1091 978 1132 imbre
1011 1091 1144 1145 sinus,

126 1149 208 1190 Ter
238 1150 388 1190 molita
418 1149 565 1204 fugam
595 1152 662 1190 ter
693 1150 745 1190 ad
777 1149 884 1190 altas
917 1149 1078 1190 restitit
1109 1149 1262 1203 undas,

74 1219 108 1243 70
185 1207 390 1249 Currendi
421 1208 531 1248 vires
564 1207 768 1261 eripiente
800 1210 934 1261 metu3

129 1264 230 1306 Sera
262 1269 406 1306 tamen
438 1265 632 1306 scindens
663 1265 837 1306 inimico
869 1265 1022 1319 pollice
1056 1265 1215 1306 crinem

185 1323 331 1364 Edidit
361 1323 559 1378 indignos
593 1337 663 1364 ore
695 1326 902 1364 tremente
935 1337 1079 1364 sonos:

127 1381 176 1422 ‘O
209 1381 374 1422 utinam
406 1396 500 1422 mea
530 1382 641 1422 lecta
670 1380 811 1422 forent
842 1381 1066 1435 patrioque
1099 1381 1292 1434 sepulcro

186 1440 385 1493 Condita,
417 1454 512 1480 cum
544 1443 743 1493 poterant
773 1439 952 1494 virginis
986 1453 1083 1479 ossa
1113 1439 1215 1493 legi!

72 1508 106 1534 75
127 1497 229 1552 Cur,
260 1498 386 1538 modo
418 1497 625 1551 Vestalis,
655 1497 801 1538 taedas
832 1497 991 1538 invitor
1023 1496 1075 1537 ad
1105 1497 1213 1538 ullas

184 1556 338 1610 Turpis
370 1559 412 1596 et
443 1556 584 1597 Iliacis
616 1555 839 1596 infitianda
869 1555 1006 1596 focis?

127 1613 236 1662 Quid
267 1628 410 1655 moror
442 1617 484 1654 et
515 1614 662 1669 digitis
695 1614 895 1668 designor
927 1613 1117 1654 adultera
1147 1612 1294 1667 vulgi?

184 1672 337 1713 Desint
367 1672 556 1713 famosus
590 1686 696 1726 quae
726 1675 848 1713 notet
880 1686 953 1713 ora
983 1670 1150 1725 pudorl'

125 1729 362 1784 Hactenus,
394 1733 436 1771 et
467 1733 628 1771 vestem
660 1730 834 1771 tumidis
865 1729 1106 1784 praetendit
1138 1728 1282 1770 ocellis

72 1800 108 1825 80
183 1788 325 1842 Atque
355 1788 418 1828 ita
450 1803 493 1829 se
523 1788 569 1828 in
599 1789 768 1842 rapidas
799 1788 965 1842 perdita
996 1787 1114 1828 misit
1146 1801 1294 1840 aquas:

127 1844 410 1900 Supposuisse
442 1861 591 1887 manus
624 1847 676 1887 ad
706 1849 880 1900 pectora
910 1846 1099 1886 lubricus
1131 1845 1266 1885 amnis

184 1905 353 1946 Dicitur
385 1907 427 1945 et
458 1904 563 1945 socii
593 1904 687 1946 iura
718 1905 882 1945 dedisse
915 1904 1010 1945 tori.

125 1962 183 2004 Te
216 1977 383 2016 quoque
415 1962 657 2004 credibilest
689 1962 831 2016 aliqua
862 1962 1041 2003 caluisse
1072 1961 1230 2016 puella3

185 2019 267 2061 Sed
297 2034 472 2062 nemora
503 2024 545 2061 et
577 2020 705 2061 silvae
738 2020 916 2062 crimina
946 2022 1088 2060 vestra
1118 2022 1281 2074 tegunt.

72 2090 106 2115 85
126 2078 239 2119 Dum
270 2079 440 2133 loquor,
468 2079 669 2120 increscis
701 2078 800 2119 latis
834 2078 1062 2132 spatiosior
1093 2078 1235 2131 undis,

183 2136 274 2178 Nec
306 2137 420 2190 capit
452 2137 658 2177 admissas
690 2137 833 2177 alveus
866 2136 977 2177 altus
1010 2150 1157 2190 aquas:

125 2193 234 2243 Quid
264 2208 448 2248 mecum,
477 2195 655 2249 furiose,
685 2195 794 2236 tibi?
821 2195 927 2248 quid
957 2197 1106 2235 mutua
1137 2194 1280 2236 differs

184 2252 376 2293 Gaudia?
409 2252 509 2306 quid
541 2256 749 2307 coeptum,
780 2253 950 2305 rustice,
980 2253 1142 2307 rumpis
1174 2252 1285 2293 iter?

125 2309 252 2365 Quid,
285 2311 320 2351 si
352 2311 594 2366 legitimum
625 2311 795 2366 flueres,
827 2311 863 2352 si
894 2311 1036 2352 nobile
1068 2311 1244 2364 flumen,
