1674 2662
299 133 376 167 XII.
403 132 572 166 MEDEA
598 142 756 167 193-212,
806 132 899 167 XIII.
926 132 1176 166 LAUDAMLA
1202 143 1310 167 1—52.
1412 132 1494 173 123

213 227 388 281 Iamque
421 242 539 268 meus
573 227 699 282 longe
732 227 992 268 Protesilaus
1026 230 1128 267 erat.

154 286 269 327 Dum
299 286 422 340 potui
456 289 646 340 spectare
679 286 835 339 virum,
867 289 1058 339 spectare
1089 285 1282 339 iuvabat,

214 343 400 397 Sumque
433 347 529 384 tuos
565 344 710 384 oculos
744 358 875 397 usque
910 347 1054 384 secuta
1086 344 1209 397 meis,

154 401 213 443 Ut
246 406 287 443 te
319 417 406 443 non
436 405 648 456 poteram,
680 405 873 456 poteram
905 405 979 442 tua
1011 402 1103 442 vela
1135 402 1294 455 videre,

101 474 134 497 20
212 460 319 501 Vela
351 461 422 501 diu
454 460 596 501 vultus
630 460 847 501 detinuere
880 474 1015 514 meos3

153 519 211 559 At
243 521 473 573 postquam
503 532 579 559 nec
614 522 654 559 10
687 533 763 559 1100
796 518 887 559 vela
920 518 1091 573 fugacia
1122 518 1226 571 vidi,

211 577 269 618 Et
303 577 415 631 quod
448 579 702 630 spectarem,
734 577 794 616 nil
826 576 909 617 nisi
941 580 1098 630 pont-us
1132 580 1241 630 erat,
1295 576 1300 585 '

152 635 245 675 Lux
278 649 444 688 quoque
477 638 619 676 tecum
647 635 765 689 abiit,
797 635 1068 689 tenebrisque
1097 634 1301 690 exanguis
1330 634 1492 675 obortis

213 692 422 735 Succiduo
456 693 573 734 dicor
604 693 881 747 procubuisse
916 708 1036 748 genu.

99 763 132 788 25
154 751 237 793 Vix
271 766 390 792 socer
422 751 631 805 Iphiclus,
662 752 733 792 vix
764 766 830 792 me
865 752 1128 806 grandaevus
1161 751 1367 805 Acastus,

210 809 295 850 Vix
327 813 462 851 mater
496 810 634 864 gelida
666 813 828 851 maesta
859 810 1008 851 refecit
1041 825 1167 864 aqua,

153 867 354 909 Officium
385 868 521 909 fecere
553 868 689 922 pium,
722 869 794 908 sed
825 868 975 908 inutile
1008 869 1150 908 nobis:

212 926 417 981 Indignor
448 926 627 967 miserae
658 940 746 966 non
777 926 948 967 licuisse
980 926 1100 966 mori.

154 983 212 1025 Ut
245 984 371 1025 rediit
404 984 588 1039 animus,
619 984 779 1038 pariter
811 984 970 1025 rediere
1004 985 1188 1038 dolores3

100 1056 133 1079 3)
212 1042 392 1084 Pectora
422 1042 642 1097 legitimus
675 1046 793 1084 casta
824 1043 1055 1083 momordit
1088 1058 1217 1083 amor.

153 1101 243 1142 Nec
275 1100 381 1141 mihi
412 1101 642 1154 pectendos
675 1103 817 1142 curast
848 1101 1051 1155 praebere
1085 1101 1279 1155 capillos,

214 1159 302 1200 Nec
334 1159 440 1199 libet
472 1162 621 1200 aurata
653 1174 832 1213 corpora
863 1162 980 1200 veste
1012 1160 1119 1214 tegi:

155 1216 213 1258 Ut
247 1232 351 1270 quas
383 1217 608 1271 pampinea
639 1218 834 1272 tetigisse
866 1217 1118 1271 Bicorniger
1149 1217 1292 1272 hasta,

215 1274 429 1329 Creditur,
460 1275 542 1316 11110
574 1275 695 1328 111110,
728 1290 809 1328 qua
841 1276 960 1315 furor
992 1276 1099 1330 egit,
1132 1290 1191 1316 eo.

100 1346 135 1370 35
156 1333 425 1375 Conveniunt
457 1336 614 1374 matres
647 1333 922 1387 Phylaceides
956 1337 997 1374 et
1028 1333 1133 1374 mihi
1167 1334 1369 1375 clamant:

215 1392 362 1432 ‘Indue
394 1392 577 1446 regales,
608 1391 859 1445 Laudamia,
892 1391 1042 1432 sinusl'

157 1450 328 1492 Scilicet
359 1450 453 1504 ipsa
485 1464 630 1504 geram
663 1453 875 1490 saturatas
908 1450 1067 1491 murice
1100 1454 1258 1504 vestes,

214 1508 334 1549 Bella
366 1509 444 1549 sub
476 1508 620 1549 Iliacis
652 1508 875 1549 moenibus
907 1508 978 1548 ille
1013 1511 1148 1563 geret,

155 1567 254 1621 Ipsa
287 1581 430 1608 comas
462 1569 625 1620 pectar,
658 1566 779 1621 galea
812 1569 939 1620 caput
970 1566 1041 1607 ille
1073 1570 1307 1621 premetur,

101 1638 136 1662 40
214 1625 313 1679 Ipsa
344 1639 476 1666 novas
508 1627 666 1679 vestes,
698 1625 802 1666 dura
833 1625 897 1665 vir
930 1640 1047 1665 arma
1078 1625 1215 1665 feret?

157 1683 248 1732 Quo
281 1697 474 1737 possum,
506 1683 702 1737 squalore
734 1687 832 1724 tuos
864 1683 1035 1724 imitata
1066 1683 1233 1724 labores

215 1741 344 1782 Dicar
376 1744 418 1782 01
450 1741 553 1782 haec
585 1741 687 1782 belli
719 1744 914 1796 tempora
946 1741 1082 1782 tristis
1116 1755 1252 1796 agam.

156 1799 342 1854 Dyspari
373 1799 602 1853 Priamide,
634 1800 788 1840 damno
820 1800 1005 1840 formose
1038 1803 1228 1853 tuorum,

215 1857 320 1898 Tam
353 1857 409 1898 sis
441 1857 580 1898 hostis
612 1857 744 1911 iners,
776 1873 904 1911 quam
936 1858 1072 1898 malus
1105 1858 1261 1912 hospes
1295 1859 1404 1898 eras!

101 1927 137 1952 45
157 1916 245 1957 Aut
276 1919 318 1957 te
351 1915 581 1956 Taenariae
613 1916 766 1957 faciem
800 1916 992 1970 culpasse
1025 1916 1222 1969 maritae,

218 1974 304 2015 Aut
334 1973 398 2014 illi
429 1973 582 2014 vellem
613 1974 880 2028 displicuisse
913 1975 1048 2014 tuam!

157 2031 239 2085 Tu,
271 2032 344 2085 qui
375 2046 451 2085 pro
484 2035 608 2085 rapta
640 2032 838 2085 nimium,
870 2031 1077 2086 Menelae,
1108 2032 1297 2087 laboras,

216 2090 270 2130 Ei
301 2089 423 2130 mihi!
457 2104 585 2143 quam
616 2090 762 2130 multis
795 2090 948 2131 flebilis
982 2090 1097 2131 ultor
1128 2091 1226 2131 eris!

156 2147 230 2201 Di,
262 2162 430 2202 precor,
465 2163 489 2188 a
519 2148 644 2188 nobis
678 2163 802 2189 omen
833 2152 1046 2189 removete
1080 2149 1319 2202 sinistrum,

103 2218 137 2242 50
217 2206 274 2246 Et
307 2220 383 2246 sua
414 2206 484 2246 det
516 2206 659 2247 reduci
691 2206 755 2246 vir
786 2221 905 2247 meus
939 2221 1056 2248 arma
1087 2207 1196 2248 Iovi!

158 2262 240 2305 Sed
272 2264 422 2317 timeo,
454 2264 651 2317 quotiens
685 2264 818 2305 subiit
849 2265 1091 2306 miserabile
1122 2266 1300 2306 bellum:

215 2321 333 2363 More
365 2322 475 2363 nivis
506 2322 706 2364 lacrimae
740 2323 827 2364 sole
860 2324 1069 2365 madentis
1102 2327 1216 2365 eunt.
