<?xml version="1.0" encoding="UTF-8"?>
<!DOCTYPE html PUBLIC "-//W3C//DTD XHTML 1.0 Transitional//EN"
    "http://www.w3.org/TR/xhtml1/DTD/xhtml1-transitional.dtd">
<html xmlns="http://www.w3.org/1999/xhtml" xml:lang="en" lang="en">
 <head>
  <title>
</title>
<meta http-equiv="Content-Type" content="text/html;charset=utf-8" />
  <meta name='ocr-system' content='tesseract 3.04.00' />
  <meta name='ocr-capabilities' content='ocr_page ocr_carea ocr_par ocr_line ocrx_word'/>
</head>
<body>
  <div class='ocr_page' id='page_1' title='image "./operaovid03oviduoft_0285.png"; bbox 0 0 1674 2662; ppageno 0'>
   <div class='ocr_carea' id='block_1_1' title="bbox 663 147 1454 191">
    <p class='ocr_par' dir='ltr' id='par_1_1' title="bbox 663 147 1454 191">
     <span class='ocr_line' id='line_1_1' title="bbox 663 147 1454 191; baseline 0.009 -10"><span class='ocrx_word' id='word_1_1' title='bbox 663 147 724 191; x_wconf 85' lang='grc' dir='ltr'>ΠΙ,</span> <span class='ocrx_word' id='word_1_2' title='bbox 751 157 911 183; x_wconf 80' lang='lat'>129—202.</span> <span class='ocrx_word' id='word_1_3' title='bbox 1372 147 1454 188; x_wconf 79' lang='grc'>229</span> 
     </span>
    </p>
   </div>
   <div class='ocr_carea' id='block_1_2' title="bbox 0 241 1455 2386">
    <p class='ocr_par' dir='ltr' id='par_1_2' title="bbox 0 241 1455 2386">
     <span class='ocr_line' id='line_1_2' title="bbox 178 241 1040 297; baseline -0.001 -13"><span class='ocrx_word' id='word_1_4' title='bbox 178 243 346 297; x_wconf 84' lang='lat' dir='ltr'>Proque</span> <span class='ocrx_word' id='word_1_5' title='bbox 379 242 466 284; x_wconf 89' lang='lat' dir='ltr'>suis</span> <span class='ocrx_word' id='word_1_6' title='bbox 499 242 606 284; x_wconf 87' lang='lat' dir='ltr'>alios</span> <span class='ocrx_word' id='word_1_7' title='bbox 640 241 772 284; x_wconf 85' lang='lat' dir='ltr'>efficit</span> <span class='ocrx_word' id='word_1_8' title='bbox 803 256 897 283; x_wconf 90' lang='lat' dir='ltr'>aere</span> <span class='ocrx_word' id='word_1_9' title='bbox 930 256 1040 283; x_wconf 88' lang='lat' dir='ltr'>suos.</span> 
     </span>
     <span class='ocr_line' id='line_1_3' title="bbox 120 299 1245 355; baseline -0.001 -13"><span class='ocrx_word' id='word_1_10' title='bbox 120 300 209 343; x_wconf 84' lang='lat' dir='ltr'>Nec</span> <span class='ocrx_word' id='word_1_11' title='bbox 240 301 377 355; x_wconf 90' lang='lat' dir='ltr'>pudor</span> <span class='ocrx_word' id='word_1_12' title='bbox 409 304 474 342; x_wconf 88' lang='lat' dir='ltr'>est</span> <span class='ocrx_word' id='word_1_13' title='bbox 505 300 674 341; x_wconf 82' lang='lat' dir='ltr'>emisse:</span> <span class='ocrx_word' id='word_1_14' title='bbox 707 301 850 355; x_wconf 87' lang='lat' dir='ltr'>palam</span> <span class='ocrx_word' id='word_1_15' title='bbox 880 300 1023 341; x_wconf 84' lang='lat' dir='ltr'>venire</span> <span class='ocrx_word' id='word_1_16' title='bbox 1054 299 1245 341; x_wconf 88' lang='lat' dir='ltr'>videmus</span> 
     </span>
     <span class='ocr_line' id='line_1_4' title="bbox 179 358 1256 413; baseline -0.001 -13"><span class='ocrx_word' id='word_1_17' title='bbox 179 359 375 401; x_wconf 83' lang='lat' dir='ltr'>Herculis</span> <span class='ocrx_word' id='word_1_18' title='bbox 409 362 506 400; x_wconf 87' lang='lat' dir='ltr'>ante</span> <span class='ocrx_word' id='word_1_19' title='bbox 540 358 685 400; x_wconf 91' lang='lat' dir='ltr'>oculos</span> <span class='ocrx_word' id='word_1_20' title='bbox 716 358 1037 413; x_wconf 85' lang='lat' dir='ltr'>virgineumque</span> <span class='ocrx_word' id='word_1_21' title='bbox 1070 358 1256 399; x_wconf 87' lang='lat' dir='ltr'>chorum.</span> 
     </span>
     <span class='ocr_line' id='line_1_5' title="bbox 121 416 1398 471; baseline 0 -13"><span class='ocrx_word' id='word_1_22' title='bbox 121 417 232 466; x_wconf 82' lang='lat' dir='ltr'><strong>Quid</strong></span> <span class='ocrx_word' id='word_1_23' title='bbox 263 417 312 458; x_wconf 92' lang='lat' dir='ltr'>de</span> <span class='ocrx_word' id='word_1_24' title='bbox 344 419 460 458; x_wconf 88' lang='lat' dir='ltr'>veste</span> <span class='ocrx_word' id='word_1_25' title='bbox 491 417 671 470; x_wconf 81' lang='lat' dir='ltr'>loquar?</span> <span class='ocrx_word' id='word_1_26' title='bbox 713 431 790 458; x_wconf 86' lang='lat' dir='ltr'>nec</span> <span class='ocrx_word' id='word_1_27' title='bbox 820 431 932 458; x_wconf 86' lang='lat' dir='ltr'>nunc</span> <span class='ocrx_word' id='word_1_28' title='bbox 965 420 1185 471; x_wconf 88' lang='lat' dir='ltr'>segmenta</span> <span class='ocrx_word' id='word_1_29' title='bbox 1215 416 1398 471; x_wconf 84' lang='lat' dir='ltr'>requiro,</span> 
     </span>
     <span class='ocr_line' id='line_1_6' title="bbox 0 474 1176 529; baseline 0 -13"><span class='ocrx_word' id='word_1_30' title='bbox 0 494 2 506; x_wconf 51' lang='grc' dir='ltr'>ι</span> <span class='ocrx_word' id='word_1_31' title='bbox 53 488 102 512; x_wconf 77' lang='grc' dir='ltr'>ιῑο</span> <span class='ocrx_word' id='word_1_32' title='bbox 178 474 268 517; x_wconf 87' lang='grc' dir='ltr'>Νο0</span> <span class='ocrx_word' id='word_1_33' title='bbox 301 489 406 529; x_wconf 87' lang='lat' dir='ltr'>quae</span> <span class='ocrx_word' id='word_1_34' title='bbox 438 475 488 516; x_wconf 91' lang='lat' dir='ltr'>de</span> <span class='ocrx_word' id='word_1_35' title='bbox 519 474 647 529; x_wconf 86' lang='lat' dir='ltr'>Tyrio</span> <span class='ocrx_word' id='word_1_36' title='bbox 679 474 856 528; x_wconf 90' lang='lat' dir='ltr'>murice,</span> <span class='ocrx_word' id='word_1_37' title='bbox 886 475 1001 527; x_wconf 85' lang='lat' dir='ltr'>lana,</span> <span class='ocrx_word' id='word_1_38' title='bbox 1032 475 1176 516; x_wconf 87' lang='lat' dir='ltr'>rubes:</span> 
     </span>
     <span class='ocr_line' id='line_1_7' title="bbox 121 532 1164 587; baseline -0.002 -12"><span class='ocrx_word' id='word_1_39' title='bbox 121 532 229 575; x_wconf 91' lang='lat' dir='ltr'>Cum</span> <span class='ocrx_word' id='word_1_40' title='bbox 260 537 326 574; x_wconf 91' lang='lat' dir='ltr'>tot</span> <span class='ocrx_word' id='word_1_41' title='bbox 356 532 591 587; x_wconf 75' lang='lat' dir='ltr'>prodierint</span> <span class='ocrx_word' id='word_1_42' title='bbox 621 533 759 587; x_wconf 81' lang='lat' dir='ltr'>pretio</span> <span class='ocrx_word' id='word_1_43' title='bbox 791 532 948 574; x_wconf 84' lang='lat' dir='ltr'>leviore</span> <span class='ocrx_word' id='word_1_44' title='bbox 981 533 1164 586; x_wconf 89' lang='lat' dir='ltr'>colores,</span> 
     </span>
     <span class='ocr_line' id='line_1_8' title="bbox 179 590 1222 645; baseline -0.001 -13"><span class='ocrx_word' id='word_1_45' title='bbox 179 591 282 640; x_wconf 86' lang='lat' dir='ltr'>Quis</span> <span class='ocrx_word' id='word_1_46' title='bbox 313 591 433 632; x_wconf 86' lang='lat' dir='ltr'>furor</span> <span class='ocrx_word' id='word_1_47' title='bbox 464 594 529 632; x_wconf 87' lang='lat' dir='ltr'>est</span> <span class='ocrx_word' id='word_1_48' title='bbox 562 605 712 632; x_wconf 88' lang='lat' dir='ltr'>census</span> <span class='ocrx_word' id='word_1_49' title='bbox 745 605 920 645; x_wconf 87' lang='lat' dir='ltr'>corpore</span> <span class='ocrx_word' id='word_1_50' title='bbox 951 590 1061 631; x_wconf 86' lang='lat' dir='ltr'>ferre</span> <span class='ocrx_word' id='word_1_51' title='bbox 1094 590 1222 632; x_wconf 81' lang='lat' dir='ltr'>suos?</span> 
     </span>
     <span class='ocr_line' id='line_1_9' title="bbox 120 649 1248 703; baseline -0.002 -12"><span class='ocrx_word' id='word_1_52' title='bbox 120 650 245 691; x_wconf 87' lang='lat' dir='ltr'>Aeris</span> <span class='ocrx_word' id='word_1_53' title='bbox 276 664 371 691; x_wconf 92' lang='lat' dir='ltr'>ecce</span> <span class='ocrx_word' id='word_1_54' title='bbox 403 649 537 703; x_wconf 91' lang='lat' dir='ltr'>color,</span> <span class='ocrx_word' id='word_1_55' title='bbox 567 653 661 690; x_wconf 91' lang='lat' dir='ltr'>tum</span> <span class='ocrx_word' id='word_1_56' title='bbox 692 664 787 690; x_wconf 87' lang='lat' dir='ltr'>cum</span> <span class='ocrx_word' id='word_1_57' title='bbox 820 649 909 690; x_wconf 90' lang='lat' dir='ltr'>sine</span> <span class='ocrx_word' id='word_1_58' title='bbox 940 649 1127 689; x_wconf 91' lang='lat' dir='ltr'>nubibus</span> <span class='ocrx_word' id='word_1_59' title='bbox 1160 663 1248 703; x_wconf 89' lang='lat' dir='ltr'>aer,</span> 
     </span>
     <span class='ocr_line' id='line_1_10' title="bbox 179 706 1258 762; baseline -0.002 -13"><span class='ocrx_word' id='word_1_60' title='bbox 179 707 269 749; x_wconf 89' lang='lat' dir='ltr'>Nec</span> <span class='ocrx_word' id='word_1_61' title='bbox 301 707 469 762; x_wconf 88' lang='lat' dir='ltr'>tepidus</span> <span class='ocrx_word' id='word_1_62' title='bbox 500 707 666 761; x_wconf 88' lang='lat' dir='ltr'>pluvias</span> <span class='ocrx_word' id='word_1_63' title='bbox 699 707 886 749; x_wconf 91' lang='lat' dir='ltr'>concitat</span> <span class='ocrx_word' id='word_1_64' title='bbox 917 706 1076 748; x_wconf 90' lang='lat' dir='ltr'>Auster</span> <span class='ocrx_word' id='word_1_65' title='bbox 1109 721 1258 760; x_wconf 75' lang='lat' dir='ltr'>aquas3</span> 
     </span>
     <span class='ocr_line' id='line_1_11' title="bbox 53 763 1404 819; baseline -0.001 -12"><span class='ocrx_word' id='word_1_66' title='bbox 53 777 102 802; x_wconf 76' lang='lat'>175</span> <span class='ocrx_word' id='word_1_67' title='bbox 121 766 232 807; x_wconf 86' lang='lat' dir='ltr'>Ecce</span> <span class='ocrx_word' id='word_1_68' title='bbox 264 766 343 806; x_wconf 89' lang='lat' dir='ltr'>tibi</span> <span class='ocrx_word' id='word_1_69' title='bbox 375 765 545 819; x_wconf 76' lang='lat' dir='ltr'>simih‘s,</span> <span class='ocrx_word' id='word_1_70' title='bbox 575 780 682 819; x_wconf 87' lang='lat' dir='ltr'>quae</span> <span class='ocrx_word' id='word_1_71' title='bbox 714 766 927 819; x_wconf 86' lang='lat' dir='ltr'>quondam</span> <span class='ocrx_word' id='word_1_72' title='bbox 956 764 1147 806; x_wconf 83' lang='lat' dir='ltr'><strong>Phrixon</strong></span> <span class='ocrx_word' id='word_1_73' title='bbox 1178 768 1221 806; x_wconf 93' lang='lat' dir='ltr'>et</span> <span class='ocrx_word' id='word_1_74' title='bbox 1251 763 1404 806; x_wconf 89' lang='lat' dir='ltr'>Hellen</span> 
     </span>
     <span class='ocr_line' id='line_1_12' title="bbox 179 823 890 877; baseline 0 -13"><span class='ocrx_word' id='word_1_75' title='bbox 179 823 345 864; x_wconf 88' lang='lat' dir='ltr'>Diceris</span> <span class='ocrx_word' id='word_1_76' title='bbox 377 823 493 864; x_wconf 93' lang='lat' dir='ltr'>Inois</span> <span class='ocrx_word' id='word_1_77' title='bbox 525 823 729 877; x_wconf 83' lang='lat' dir='ltr'>eripuisse</span> <span class='ocrx_word' id='word_1_78' title='bbox 763 823 890 877; x_wconf 85' lang='lat' dir='ltr'>dolis3</span> 
     </span>
     <span class='ocr_line' id='line_1_13' title="bbox 120 880 1455 935; baseline -0.001 -13"><span class='ocrx_word' id='word_1_79' title='bbox 120 881 202 923; x_wconf 87' lang='lat' dir='ltr'>Hie</span> <span class='ocrx_word' id='word_1_80' title='bbox 240 882 373 922; x_wconf 89' lang='lat' dir='ltr'>undas</span> <span class='ocrx_word' id='word_1_81' title='bbox 412 881 623 935; x_wconf 83' lang='lat' dir='ltr'>imitatur,</span> <span class='ocrx_word' id='word_1_82' title='bbox 659 881 789 922; x_wconf 89' lang='lat' dir='ltr'>habet</span> <span class='ocrx_word' id='word_1_83' title='bbox 826 895 993 935; x_wconf 89' lang='lat' dir='ltr'>quoque</span> <span class='ocrx_word' id='word_1_84' title='bbox 1028 895 1185 922; x_wconf 90' lang='lat' dir='ltr'>nomen</span> <span class='ocrx_word' id='word_1_85' title='bbox 1222 881 1275 922; x_wconf 89' lang='lat' dir='ltr'>ab</span> <span class='ocrx_word' id='word_1_86' title='bbox 1312 880 1455 922; x_wconf 86' lang='lat' dir='ltr'>undis:</span> 
     </span>
     <span class='ocr_line' id='line_1_14' title="bbox 180 939 1189 994; baseline -0.002 -13"><span class='ocrx_word' id='word_1_87' title='bbox 180 939 438 981; x_wconf 82' lang='lat' dir='ltr'>Crediderim</span> <span class='ocrx_word' id='word_1_88' title='bbox 468 939 678 993; x_wconf 83' lang='lat' dir='ltr'><strong>nymphas</strong></span> <span class='ocrx_word' id='word_1_89' title='bbox 710 939 789 980; x_wconf 90' lang='lat' dir='ltr'>hac</span> <span class='ocrx_word' id='word_1_90' title='bbox 821 953 900 994; x_wconf 84' lang='lat' dir='ltr'>ego</span> <span class='ocrx_word' id='word_1_91' title='bbox 931 942 1049 980; x_wconf 89' lang='lat' dir='ltr'>veste</span> <span class='ocrx_word' id='word_1_92' title='bbox 1080 939 1189 994; x_wconf 82' lang='lat' dir='ltr'>tegi3</span> 
     </span>
     <span class='ocr_line' id='line_1_15' title="bbox 121 995 1207 1051; baseline 0 -13"><span class='ocrx_word' id='word_1_93' title='bbox 121 996 197 1038; x_wconf 93' lang='lat' dir='ltr'>Ille</span> <span class='ocrx_word' id='word_1_94' title='bbox 229 1011 399 1038; x_wconf 90' lang='lat' dir='ltr'>crocum</span> <span class='ocrx_word' id='word_1_95' title='bbox 430 996 603 1037; x_wconf 88' lang='lat' dir='ltr'>simulat</span> <span class='ocrx_word' id='word_1_96' title='bbox 635 995 801 1051; x_wconf 86' lang='lat' dir='ltr'>(croceo</span> <span class='ocrx_word' id='word_1_97' title='bbox 833 997 998 1037; x_wconf 90' lang='lat' dir='ltr'>velatur</span> <span class='ocrx_word' id='word_1_98' title='bbox 1030 997 1207 1051; x_wconf 67' lang='lat' dir='ltr'>amictu,</span> 
     </span>
     <span class='ocr_line' id='line_1_16' title="bbox 52 1053 1176 1110; baseline 0 -14"><span class='ocrx_word' id='word_1_99' title='bbox 52 1066 102 1092; x_wconf 87' lang='lat'>180</span> <span class='ocrx_word' id='word_1_100' title='bbox 178 1054 364 1096; x_wconf 78' lang='lat' dir='ltr'>Roscida</span> <span class='ocrx_word' id='word_1_101' title='bbox 393 1054 592 1096; x_wconf 88' lang='lat' dir='ltr'>luciferos</span> <span class='ocrx_word' id='word_1_102' title='bbox 625 1069 721 1096; x_wconf 88' lang='lat' dir='ltr'>cum</span> <span class='ocrx_word' id='word_1_103' title='bbox 746 1055 823 1096; x_wconf 88' lang='lat' dir='ltr'>dea</span> <span class='ocrx_word' id='word_1_104' title='bbox 852 1055 995 1110; x_wconf 86' lang='lat' dir='ltr'>iungit</span> <span class='ocrx_word' id='word_1_105' title='bbox 1026 1053 1176 1110; x_wconf 90' lang='lat' dir='ltr'>equos)</span> 
     </span>
     <span class='ocr_line' id='line_1_17' title="bbox 121 1112 1298 1168; baseline 0 -14"><span class='ocrx_word' id='word_1_106' title='bbox 121 1112 202 1154; x_wconf 85' lang='lat' dir='ltr'>Hic</span> <span class='ocrx_word' id='word_1_107' title='bbox 234 1113 418 1167; x_wconf 82' lang='lat' dir='ltr'>Paphias</span> <span class='ocrx_word' id='word_1_108' title='bbox 449 1116 633 1167; x_wconf 85' lang='lat' dir='ltr'>myrtos,</span> <span class='ocrx_word' id='word_1_109' title='bbox 664 1113 732 1154; x_wconf 86' lang='lat' dir='ltr'>hic</span> <span class='ocrx_word' id='word_1_110' title='bbox 762 1127 998 1167; x_wconf 86' lang='lat' dir='ltr'>purpureas</span> <span class='ocrx_word' id='word_1_111' title='bbox 1031 1113 1298 1168; x_wconf 74' lang='lat' dir='ltr'>amethystos</span> 
     </span>
     <span class='ocr_line' id='line_1_18' title="bbox 179 1170 1109 1226; baseline 0.001 -15"><span class='ocrx_word' id='word_1_112' title='bbox 179 1171 437 1211; x_wconf 86' lang='lat' dir='ltr'>Albentesve</span> <span class='ocrx_word' id='word_1_113' title='bbox 468 1185 587 1212; x_wconf 89' lang='lat' dir='ltr'>rosas</span> <span class='ocrx_word' id='word_1_114' title='bbox 619 1170 910 1212; x_wconf 87' lang='lat' dir='ltr'>Threiciamve</span> <span class='ocrx_word' id='word_1_115' title='bbox 943 1185 1109 1226; x_wconf 80' lang='lat' dir='ltr'>gruem3</span> 
     </span>
     <span class='ocr_line' id='line_1_19' title="bbox 122 1227 1400 1284; baseline 0 -14"><span class='ocrx_word' id='word_1_116' title='bbox 122 1227 210 1270; x_wconf 88' lang='lat' dir='ltr'>Nec</span> <span class='ocrx_word' id='word_1_117' title='bbox 245 1229 436 1284; x_wconf 80' lang='lat' dir='ltr'>glandes,</span> <span class='ocrx_word' id='word_1_118' title='bbox 466 1228 693 1283; x_wconf 87' lang='lat' dir='ltr'>Amarylli,</span> <span class='ocrx_word' id='word_1_119' title='bbox 723 1232 840 1283; x_wconf 88' lang='lat' dir='ltr'>tuae,</span> <span class='ocrx_word' id='word_1_120' title='bbox 869 1243 946 1270; x_wconf 90' lang='lat' dir='ltr'>nec</span> <span class='ocrx_word' id='word_1_121' title='bbox 979 1229 1204 1284; x_wconf 87' lang='lat' dir='ltr'>amygdala</span> <span class='ocrx_word' id='word_1_122' title='bbox 1229 1229 1400 1283; x_wconf 83' lang='lat' dir='ltr'>desunt,</span> 
     </span>
     <span class='ocr_line' id='line_1_20' title="bbox 180 1286 1100 1328; baseline 0.001 -1"><span class='ocrx_word' id='word_1_123' title='bbox 180 1287 238 1327; x_wconf 90' lang='lat' dir='ltr'>Et</span> <span class='ocrx_word' id='word_1_124' title='bbox 272 1302 348 1328; x_wconf 89' lang='lat' dir='ltr'>sua</span> <span class='ocrx_word' id='word_1_125' title='bbox 378 1286 605 1327; x_wconf 82' lang='lat' dir='ltr'>velleribus</span> <span class='ocrx_word' id='word_1_126' title='bbox 636 1286 811 1328; x_wconf 87' lang='lat' dir='ltr'>nomina</span> <span class='ocrx_word' id='word_1_127' title='bbox 841 1301 937 1328; x_wconf 90' lang='lat' dir='ltr'>cera</span> <span class='ocrx_word' id='word_1_128' title='bbox 968 1287 1100 1328; x_wconf 89' lang='lat' dir='ltr'>dedit:</span> 
     </span>
     <span class='ocr_line' id='line_1_21' title="bbox 54 1344 1290 1398; baseline 0 -13"><span class='ocrx_word' id='word_1_129' title='bbox 54 1356 102 1381; x_wconf 79' lang='lat'>185</span> <span class='ocrx_word' id='word_1_130' title='bbox 123 1344 237 1393; x_wconf 83' lang='lat' dir='ltr'>Quot</span> <span class='ocrx_word' id='word_1_131' title='bbox 267 1359 377 1385; x_wconf 82' lang='lat' dir='ltr'>nova</span> <span class='ocrx_word' id='word_1_132' title='bbox 408 1348 523 1385; x_wconf 88' lang='lat' dir='ltr'>terra</span> <span class='ocrx_word' id='word_1_133' title='bbox 552 1344 666 1398; x_wconf 77' lang='lat' dir='ltr'>parit</span> <span class='ocrx_word' id='word_1_134' title='bbox 696 1344 841 1398; x_wconf 90' lang='lat' dir='ltr'>flores,</span> <span class='ocrx_word' id='word_1_135' title='bbox 872 1359 968 1386; x_wconf 90' lang='lat' dir='ltr'>cum</span> <span class='ocrx_word' id='word_1_136' title='bbox 999 1359 1095 1386; x_wconf 91' lang='lat' dir='ltr'>vere</span> <span class='ocrx_word' id='word_1_137' title='bbox 1126 1345 1290 1398; x_wconf 89' lang='lat' dir='ltr'>tepenti</span> 
     </span>
     <span class='ocr_line' id='line_1_22' title="bbox 179 1402 1236 1458; baseline 0 -15"><span class='ocrx_word' id='word_1_138' title='bbox 179 1402 294 1443; x_wconf 83' lang='lat' dir='ltr'>Vitis</span> <span class='ocrx_word' id='word_1_139' title='bbox 327 1403 418 1457; x_wconf 83' lang='lat' dir='ltr'>agit</span> <span class='ocrx_word' id='word_1_140' title='bbox 450 1417 638 1457; x_wconf 88' lang='lat' dir='ltr'>gemmas</span> <span class='ocrx_word' id='word_1_141' title='bbox 669 1402 875 1457; x_wconf 86' lang='lat' dir='ltr'>pigraque</span> <span class='ocrx_word' id='word_1_142' title='bbox 907 1402 1020 1458; x_wconf 83' lang='lat' dir='ltr'>fugit</span> <span class='ocrx_word' id='word_1_143' title='bbox 1050 1403 1236 1457; x_wconf 89' lang='lat' dir='ltr'>hiemps,</span> 
     </span>
     <span class='ocr_line' id='line_1_23' title="bbox 122 1460 1260 1516; baseline 0 -15"><span class='ocrx_word' id='word_1_144' title='bbox 122 1460 240 1501; x_wconf 86' lang='lat' dir='ltr'>Lana</span> <span class='ocrx_word' id='word_1_145' title='bbox 271 1464 339 1502; x_wconf 91' lang='lat' dir='ltr'>tot</span> <span class='ocrx_word' id='word_1_146' title='bbox 370 1463 444 1501; x_wconf 91' lang='lat' dir='ltr'>aut</span> <span class='ocrx_word' id='word_1_147' title='bbox 473 1461 616 1514; x_wconf 89' lang='lat' dir='ltr'>plures</span> <span class='ocrx_word' id='word_1_148' title='bbox 648 1475 771 1502; x_wconf 90' lang='lat' dir='ltr'>sucos</span> <span class='ocrx_word' id='word_1_149' title='bbox 803 1461 932 1515; x_wconf 81' lang='lat' dir='ltr'>bibit3</span> <span class='ocrx_word' id='word_1_150' title='bbox 964 1460 1072 1516; x_wconf 83' lang='lat' dir='ltr'>elige</span> <span class='ocrx_word' id='word_1_151' title='bbox 1105 1461 1260 1502; x_wconf 81' lang='lat' dir='ltr'>certos!</span> 
     </span>
     <span class='ocr_line' id='line_1_24' title="bbox 180 1518 1218 1560; baseline -0.001 0"><span class='ocrx_word' id='word_1_152' title='bbox 180 1518 293 1560; x_wconf 83' lang='lat' dir='ltr'>Nam</span> <span class='ocrx_word' id='word_1_153' title='bbox 323 1533 411 1559; x_wconf 91' lang='lat' dir='ltr'>non</span> <span class='ocrx_word' id='word_1_154' title='bbox 441 1518 694 1560; x_wconf 85' lang='lat' dir='ltr'>conveniens</span> <span class='ocrx_word' id='word_1_155' title='bbox 727 1519 924 1559; x_wconf 88' lang='lat' dir='ltr'>omnibus</span> <span class='ocrx_word' id='word_1_156' title='bbox 956 1519 1094 1559; x_wconf 88' lang='lat' dir='ltr'>omnis</span> <span class='ocrx_word' id='word_1_157' title='bbox 1127 1519 1218 1559; x_wconf 91' lang='lat' dir='ltr'>erit.</span> 
     </span>
     <span class='ocr_line' id='line_1_25' title="bbox 124 1576 1247 1631; baseline 0 -14"><span class='ocrx_word' id='word_1_158' title='bbox 124 1577 248 1618; x_wconf 88' lang='lat' dir='ltr'>Pulla</span> <span class='ocrx_word' id='word_1_159' title='bbox 279 1577 428 1618; x_wconf 88' lang='lat' dir='ltr'>decent</span> <span class='ocrx_word' id='word_1_160' title='bbox 458 1576 620 1618; x_wconf 80' lang='lat' dir='ltr'>niveas:</span> <span class='ocrx_word' id='word_1_161' title='bbox 652 1576 845 1618; x_wconf 73' lang='lat' dir='ltr'>Briseida</span> <span class='ocrx_word' id='word_1_162' title='bbox 874 1577 992 1631; x_wconf 88' lang='lat' dir='ltr'>pulla</span> <span class='ocrx_word' id='word_1_163' title='bbox 1024 1576 1247 1631; x_wconf 82' lang='lat' dir='ltr'>decebant3</span> 
     </span>
     <span class='ocr_line' id='line_1_26' title="bbox 52 1633 1247 1689; baseline 0 -14"><span class='ocrx_word' id='word_1_164' title='bbox 52 1645 104 1670; x_wconf 81' lang='lat'>190</span> <span class='ocrx_word' id='word_1_165' title='bbox 183 1633 291 1675; x_wconf 89' lang='lat' dir='ltr'>Cum</span> <span class='ocrx_word' id='word_1_166' title='bbox 321 1638 504 1689; x_wconf 85' lang='lat' dir='ltr'>raptast,</span> <span class='ocrx_word' id='word_1_167' title='bbox 534 1635 653 1689; x_wconf 86' lang='lat' dir='ltr'>pulla</span> <span class='ocrx_word' id='word_1_168' title='bbox 684 1638 776 1676; x_wconf 92' lang='lat' dir='ltr'>tum</span> <span class='ocrx_word' id='word_1_169' title='bbox 808 1649 974 1689; x_wconf 87' lang='lat' dir='ltr'>quoque</span> <span class='ocrx_word' id='word_1_170' title='bbox 1005 1638 1122 1675; x_wconf 87' lang='lat' dir='ltr'>veste</span> <span class='ocrx_word' id='word_1_171' title='bbox 1153 1634 1247 1676; x_wconf 75' lang='lat' dir='ltr'>fuit.</span> 
     </span>
     <span class='ocr_line' id='line_1_27' title="bbox 123 1691 1220 1747; baseline 0 -14"><span class='ocrx_word' id='word_1_172' title='bbox 123 1692 235 1733; x_wconf 88' lang='lat' dir='ltr'>Alba</span> <span class='ocrx_word' id='word_1_173' title='bbox 266 1692 415 1734; x_wconf 89' lang='lat' dir='ltr'>decent</span> <span class='ocrx_word' id='word_1_174' title='bbox 445 1692 605 1734; x_wconf 78' lang='lat' dir='ltr'>fuscas:</span> <span class='ocrx_word' id='word_1_175' title='bbox 638 1693 764 1747; x_wconf 86' lang='lat' dir='ltr'>albis,</span> <span class='ocrx_word' id='word_1_176' title='bbox 795 1691 973 1747; x_wconf 86' lang='lat' dir='ltr'>Cephei,</span> <span class='ocrx_word' id='word_1_177' title='bbox 1003 1693 1220 1747; x_wconf 80' lang='lat' dir='ltr'>placebas3</span> 
     </span>
     <span class='ocr_line' id='line_1_28' title="bbox 183 1749 1118 1805; baseline 0 -14"><span class='ocrx_word' id='word_1_178' title='bbox 183 1749 252 1791; x_wconf 83' lang='lat' dir='ltr'>Sic</span> <span class='ocrx_word' id='word_1_179' title='bbox 282 1750 364 1791; x_wconf 89' lang='lat' dir='ltr'>tibi</span> <span class='ocrx_word' id='word_1_180' title='bbox 394 1750 574 1791; x_wconf 83' lang='lat' dir='ltr'>vestitae</span> <span class='ocrx_word' id='word_1_181' title='bbox 604 1765 751 1804; x_wconf 89' lang='lat' dir='ltr'>pressa</span> <span class='ocrx_word' id='word_1_182' title='bbox 783 1749 984 1805; x_wconf 82' lang='lat' dir='ltr'>Seriphos</span> <span class='ocrx_word' id='word_1_183' title='bbox 1016 1754 1118 1792; x_wconf 74' lang='lat' dir='ltr'>erat.</span> 
     </span>
     <span class='ocr_line' id='line_1_29' title="bbox 124 1806 1365 1863; baseline 0.002 -15"><span class='ocrx_word' id='word_1_184' title='bbox 124 1806 260 1856; x_wconf 86' lang='lat' dir='ltr'>Quam</span> <span class='ocrx_word' id='word_1_185' title='bbox 290 1822 422 1862; x_wconf 89' lang='lat' dir='ltr'>paene</span> <span class='ocrx_word' id='word_1_186' title='bbox 455 1808 673 1863; x_wconf 89' lang='lat' dir='ltr'>admonui,</span> <span class='ocrx_word' id='word_1_187' title='bbox 701 1823 754 1849; x_wconf 90' lang='lat' dir='ltr'>ne</span> <span class='ocrx_word' id='word_1_188' title='bbox 785 1812 884 1850; x_wconf 86' lang='lat' dir='ltr'>trux</span> <span class='ocrx_word' id='word_1_189' title='bbox 915 1823 1040 1863; x_wconf 87' lang='lat' dir='ltr'>caper</span> <span class='ocrx_word' id='word_1_190' title='bbox 1069 1809 1152 1849; x_wconf 88' lang='lat' dir='ltr'>iret</span> <span class='ocrx_word' id='word_1_191' title='bbox 1181 1807 1227 1849; x_wconf 93' lang='lat' dir='ltr'>in</span> <span class='ocrx_word' id='word_1_192' title='bbox 1259 1808 1365 1863; x_wconf 89' lang='lat' dir='ltr'>alas,</span> 
     </span>
     <span class='ocr_line' id='line_1_30' title="bbox 182 1865 1098 1921; baseline 0 -15"><span class='ocrx_word' id='word_1_193' title='bbox 182 1865 298 1906; x_wconf 83' lang='lat' dir='ltr'>Neve</span> <span class='ocrx_word' id='word_1_194' title='bbox 330 1866 471 1906; x_wconf 84' lang='lat' dir='ltr'>forent</span> <span class='ocrx_word' id='word_1_195' title='bbox 502 1866 618 1907; x_wconf 90' lang='lat' dir='ltr'>duris</span> <span class='ocrx_word' id='word_1_196' title='bbox 650 1880 799 1920; x_wconf 89' lang='lat' dir='ltr'>aspera</span> <span class='ocrx_word' id='word_1_197' title='bbox 831 1881 953 1908; x_wconf 82' lang='lat' dir='ltr'>crura</span> <span class='ocrx_word' id='word_1_198' title='bbox 982 1866 1098 1921; x_wconf 76' lang='lat' dir='ltr'>pilis!</span> 
     </span>
     <span class='ocr_line' id='line_1_31' title="bbox 55 1922 1158 1979; baseline 0.001 -15"><span class='ocrx_word' id='word_1_199' title='bbox 55 1934 104 1960; x_wconf 82' lang='grc'>195</span> <span class='ocrx_word' id='word_1_200' title='bbox 126 1922 207 1965; x_wconf 81' lang='lat' dir='ltr'>Sed</span> <span class='ocrx_word' id='word_1_201' title='bbox 237 1938 323 1964; x_wconf 92' lang='lat' dir='ltr'>non</span> <span class='ocrx_word' id='word_1_202' title='bbox 354 1922 569 1965; x_wconf 83' lang='lat' dir='ltr'>Caucasea</span> <span class='ocrx_word' id='word_1_203' title='bbox 599 1924 728 1965; x_wconf 89' lang='lat' dir='ltr'>doceo</span> <span class='ocrx_word' id='word_1_204' title='bbox 760 1925 810 1965; x_wconf 91' lang='lat' dir='ltr'>de</span> <span class='ocrx_word' id='word_1_205' title='bbox 841 1939 945 1979; x_wconf 89' lang='lat' dir='ltr'>rupe</span> <span class='ocrx_word' id='word_1_206' title='bbox 976 1925 1158 1978; x_wconf 85' lang='lat' dir='ltr'>puellas,</span> 
     </span>
     <span class='ocr_line' id='line_1_32' title="bbox 183 1980 1210 2037; baseline 0.001 -15"><span class='ocrx_word' id='word_1_207' title='bbox 183 1980 382 2035; x_wconf 84' lang='lat' dir='ltr'>Quaeque</span> <span class='ocrx_word' id='word_1_208' title='bbox 413 1982 565 2022; x_wconf 87' lang='lat' dir='ltr'>bibant</span> <span class='ocrx_word' id='word_1_209' title='bbox 594 1983 747 2036; x_wconf 85' lang='lat' dir='ltr'>undas,</span> <span class='ocrx_word' id='word_1_210' title='bbox 777 1982 896 2036; x_wconf 69' lang='lat' dir='ltr'>Myse</span> <span class='ocrx_word' id='word_1_211' title='bbox 929 1981 1072 2037; x_wconf 84' lang='lat' dir='ltr'>Caice,</span> <span class='ocrx_word' id='word_1_212' title='bbox 1102 1986 1210 2023; x_wconf 86' lang='lat' dir='ltr'>tuas.</span> 
     </span>
     <span class='ocr_line' id='line_1_33' title="bbox 125 2038 1258 2096; baseline 0.003 -17"><span class='ocrx_word' id='word_1_213' title='bbox 125 2038 251 2094; x_wconf 86' lang='lat' dir='ltr'>Quid,</span> <span class='ocrx_word' id='word_1_214' title='bbox 283 2040 319 2081; x_wconf 87' lang='lat' dir='ltr'>si</span> <span class='ocrx_word' id='word_1_215' title='bbox 348 2039 625 2094; x_wconf 88' lang='lat' dir='ltr'>praecipiam,</span> <span class='ocrx_word' id='word_1_216' title='bbox 655 2054 708 2081; x_wconf 90' lang='lat' dir='ltr'>ne</span> <span class='ocrx_word' id='word_1_217' title='bbox 739 2040 877 2081; x_wconf 85' lang='lat' dir='ltr'>fuscet</span> <span class='ocrx_word' id='word_1_218' title='bbox 907 2040 1062 2081; x_wconf 87' lang='lat' dir='ltr'>inertia</span> <span class='ocrx_word' id='word_1_219' title='bbox 1093 2041 1258 2096; x_wconf 86' lang='lat' dir='ltr'>dentes,</span> 
     </span>
     <span class='ocr_line' id='line_1_34' title="bbox 182 2096 1126 2153; baseline 0.001 -15"><span class='ocrx_word' id='word_1_220' title='bbox 182 2096 347 2151; x_wconf 85' lang='lat' dir='ltr'>Oraque</span> <span class='ocrx_word' id='word_1_221' title='bbox 381 2100 578 2151; x_wconf 87' lang='lat' dir='ltr'>suscepta</span> <span class='ocrx_word' id='word_1_222' title='bbox 608 2111 731 2138; x_wconf 86' lang='lat' dir='ltr'>mane</span> <span class='ocrx_word' id='word_1_223' title='bbox 762 2098 958 2139; x_wconf 87' lang='lat' dir='ltr'>laventur</span> <span class='ocrx_word' id='word_1_224' title='bbox 989 2099 1126 2153; x_wconf 81' lang='lat' dir='ltr'>aqua?</span> 
     </span>
     <span class='ocr_line' id='line_1_35' title="bbox 126 2154 1184 2211; baseline 0.002 -16"><span class='ocrx_word' id='word_1_225' title='bbox 126 2154 252 2196; x_wconf 80' lang='lat' dir='ltr'>Scitis</span> <span class='ocrx_word' id='word_1_226' title='bbox 285 2158 328 2196; x_wconf 91' lang='lat' dir='ltr'>et</span> <span class='ocrx_word' id='word_1_227' title='bbox 357 2154 531 2197; x_wconf 85' lang='lat' dir='ltr'>inducta</span> <span class='ocrx_word' id='word_1_228' title='bbox 562 2156 788 2197; x_wconf 87' lang='lat' dir='ltr'>candorem</span> <span class='ocrx_word' id='word_1_229' title='bbox 819 2170 1018 2210; x_wconf 85' lang='lat' dir='ltr'>quaerere</span> <span class='ocrx_word' id='word_1_230' title='bbox 1050 2159 1184 2211; x_wconf 82' lang='lat' dir='ltr'>creta3</span> 
     </span>
     <span class='ocr_line' id='line_1_36' title="bbox 54 2211 1246 2268; baseline 0.004 -17"><span class='ocrx_word' id='word_1_231' title='bbox 54 2223 105 2249; x_wconf 82' lang='lat'>200</span> <span class='ocrx_word' id='word_1_232' title='bbox 183 2211 397 2267; x_wconf 81' lang='lat' dir='ltr'>Sanguine</span> <span class='ocrx_word' id='word_1_233' title='bbox 429 2227 536 2266; x_wconf 86' lang='lat' dir='ltr'>quae</span> <span class='ocrx_word' id='word_1_234' title='bbox 567 2228 668 2254; x_wconf 90' lang='lat' dir='ltr'>vero</span> <span class='ocrx_word' id='word_1_235' title='bbox 698 2227 786 2254; x_wconf 92' lang='lat' dir='ltr'>non</span> <span class='ocrx_word' id='word_1_236' title='bbox 815 2215 958 2268; x_wconf 87' lang='lat' dir='ltr'>rubet,</span> <span class='ocrx_word' id='word_1_237' title='bbox 989 2218 1079 2256; x_wconf 88' lang='lat' dir='ltr'>arte</span> <span class='ocrx_word' id='word_1_238' title='bbox 1111 2215 1246 2256; x_wconf 85' lang='lat' dir='ltr'>rubet.</span> 
     </span>
     <span class='ocr_line' id='line_1_37' title="bbox 125 2270 1055 2327; baseline 0.002 -16"><span class='ocrx_word' id='word_1_239' title='bbox 125 2270 229 2311; x_wconf 90' lang='lat' dir='ltr'>Arte</span> <span class='ocrx_word' id='word_1_240' title='bbox 262 2270 476 2325; x_wconf 83' lang='lat' dir='ltr'>supercilii</span> <span class='ocrx_word' id='word_1_241' title='bbox 507 2272 689 2312; x_wconf 89' lang='lat' dir='ltr'>confinia</span> <span class='ocrx_word' id='word_1_242' title='bbox 719 2272 832 2313; x_wconf 87' lang='lat' dir='ltr'>nuda</span> <span class='ocrx_word' id='word_1_243' title='bbox 861 2272 1055 2327; x_wconf 88' lang='lat' dir='ltr'>repletis,</span> 
     </span>
     <span class='ocr_line' id='line_1_38' title="bbox 181 2328 1087 2386; baseline 0.003 -17"><span class='ocrx_word' id='word_1_244' title='bbox 181 2328 401 2384; x_wconf 86' lang='lat' dir='ltr'>Parvaque</span> <span class='ocrx_word' id='word_1_245' title='bbox 433 2329 618 2371; x_wconf 88' lang='lat' dir='ltr'>sinceras</span> <span class='ocrx_word' id='word_1_246' title='bbox 650 2329 764 2372; x_wconf 88' lang='lat' dir='ltr'>velat</span> <span class='ocrx_word' id='word_1_247' title='bbox 796 2330 913 2372; x_wconf 87' lang='lat' dir='ltr'>aluta</span> <span class='ocrx_word' id='word_1_248' title='bbox 945 2344 1087 2386; x_wconf 89' lang='lat' dir='ltr'>genas.</span> 
     </span>
    </p>
   </div>
  </div>
 </body>
</html>
