1690 2656
206 157 264 198 42
760 154 998 189 AMORUM

209 251 424 294 Collatum
455 251 614 292 idcirco
647 250 727 291 tibi
760 264 826 291 me
859 252 1129 291 contemnere
1162 249 1306 291 debes:

266 311 420 365 Aptari
452 309 619 365 magnis
651 308 854 349 inferiora
887 308 997 350 licet.

155 380 187 405 15
208 369 407 410 Traditur
440 371 481 409 et
512 367 698 422 nymphe
731 366 926 408 mortalis
960 380 1103 408 amore
1136 365 1319 421 Calypso

267 428 403 482 Capta
434 429 704 468 recusantem
737 425 969 466 detinuisse
1002 425 1158 479 virum3

207 485 405 528 Creditur
438 498 691 539 aequoream
723 483 883 524 Phthio
915 482 1101 525 Nereida
1133 484 1242 539 regi,

265 544 468 598 Egeriam
499 543 613 583 iusto
648 542 928 584 concubuisse
960 541 1145 596 Numae,

206 602 400 643 Vulcano
432 601 662 656 Venerem,
694 600 887 656 quamvis
919 600 1069 642 incude
1101 600 1251 642 relicta

153 672 187 696 20
266 660 465 714 Turpiter
497 659 672 713 obliquo
706 659 915 701 claudicet
946 659 1017 700 ille
1050 659 1166 714 pede.

208 717 418 760 Carminis
451 718 532 760 hoc
563 718 706 772 ipsum
740 732 872 773 genus
904 718 1045 772 inpar,
1078 718 1151 758 sed
1182 721 1326 759 tamen
1358 720 1455 772 apte

264 777 465 832 Iungitur
495 777 652 818 herous
686 791 782 818 cum
813 776 1006 817 breviore
1040 776 1178 817 modo.

206 835 270 876 Tu
303 850 470 889 quoque
503 850 588 889 me,
620 850 714 876 mea
745 835 836 890 lux,
866 835 911 875 in
943 835 1157 889 quaslibet
1189 834 1332 889 accipe
1363 834 1497 890 leges:

265 893 323 934 Te
356 894 504 935 deceat
535 893 675 934 medio
707 894 801 934 iura
833 893 997 934 dedisse
1029 893 1134 934 foro.

153 964 187 988 25
206 951 307 992 Non
338 952 419 993 tibi
452 952 612 993 crimen
644 966 734 1005 ero,
765 966 841 993 nec
875 966 959 1006 quo
992 952 1149 992 laetere
1182 955 1364 992 remoto:

265 1009 366 1051 Non
398 1010 478 1051 erit
509 1010 579 1051 hic
610 1010 735 1051 nobis
768 1010 1016 1051 infitiandus
1049 1024 1179 1050 amor.

208 1067 317 1109 Sunt
349 1068 455 1109 mihi
487 1083 564 1122 pro
597 1083 754 1124 magno
786 1068 928 1110 felicia
960 1068 1150 1110 carmina
1182 1082 1328 1122 censu,

264 1127 322 1167 Et
354 1127 514 1167 multae
545 1142 620 1181 per
652 1142 718 1168 me
750 1141 907 1168 nomen
938 1127 1094 1167 habere
1127 1127 1294 1181 v01unt3

206 1184 319 1226 Novi
352 1185 558 1239 aliquam,
592 1199 698 1239 quae
731 1199 774 1226 se
807 1185 1078 1227 circumferat
1111 1199 1201 1226 esse
1235 1183 1482 1226 Corinnam:

155 1255 188 1280 30
267 1242 327 1284 Ut
358 1244 452 1297 fiat,
484 1243 586 1297 quid
616 1258 703 1284 non
734 1243 807 1284 illa
840 1244 1004 1284 dedisse
1038 1243 1173 1284 Velit?

208 1301 290 1342 Sed
320 1316 457 1355 neque
490 1302 645 1342 diversi
677 1302 770 1356 ripa
801 1302 1005 1342 labuntur
1037 1302 1184 1342 eadem

265 1359 466 1414 Frigidus
498 1360 686 1401 Eurotas
719 1360 1016 1414 populiferque
1048 1359 1208 1413 Padus,

207 1418 297 1459 Nec
328 1418 412 1459 nisi
444 1421 492 1459 tu
523 1419 683 1459 nostris
718 1419 961 1460 cantabitur
992 1418 1080 1459 ulla
1111 1418 1286 1459 libellis:

265 1476 445 1531 Ingenio
478 1491 627 1518 causas
660 1480 709 1517 tu
742 1477 862 1518 dabis
894 1491 979 1517 una
1011 1491 1117 1518 meo.

67 1597 194 1632 XVHI.
213 1591 395 1634 Carmen
426 1593 479 1633 ad
509 1593 668 1634 iratum
700 1594 800 1634 dum
832 1596 879 1634 tu
910 1593 1106 1647 perducis
1140 1593 1339 1635 Achillen

266 1651 494 1704 Primaque
524 1651 676 1692 iuratis
708 1652 850 1692 induis
884 1666 1001 1692 arma
1033 1651 1154 1705 viris,

206 1708 317 1763 Nos,
348 1709 510 1763 Macer,
540 1709 696 1764 ignava
727 1709 907 1751 Veneris
941 1724 1155 1751 cessamus
1187 1710 1232 1751 in
1263 1710 1433 1765 umbra,

266 1768 325 1808 Et
356 1771 476 1808 tener
509 1782 686 1809 ausuros
721 1769 898 1823 grandia
929 1768 1092 1823 frangit
1124 1769 1269 1809 Amor.

173 1824 344 1880 *Saepe
376 1840 494 1867 meae
528 1825 731 1867 ‘tandem'
764 1827 850 1867 dixi
884 1826 1080 1868 ‘discede'
1112 1827 1296 1881 puellae:

173 1897 187 1921 6
266 1884 316 1924 In
349 1884 510 1940 gremio
545 1885 654 1926 sedit
685 1885 882 1939 protinus
913 1885 989 1926 illa
1020 1899 1168 1940 meo3=⁴=

210 1941 343 1996 Saepe
377 1942 536 1996 ‘pudet'
570 1943 673 1984 dixi:
705 1944 892 1985 lacrimis
925 1944 995 1984 vix
1026 1943 1099 1984 illa
1132 1944 1308 1985 retentis

268 2000 350 2041 tMe
383 2001 601 2055 miseram,
632 2002 718 2042 iam
750 2001 808 2042 te'
841 2002 947 2043 dixit
980 2001 1137 2043 eamare
1168 2002 1344 2056 pudet?'

208 2058 494 2112 Inplicuitque
528 2074 626 2100 suos
661 2060 820 2102 circum
852 2076 946 2102 mea
978 2060 1088 2102 colla
1119 2061 1303 2102 lacertos

157 2130 189 2153 10
267 2117 344 2170 Et,
376 2131 482 2170 quae
516 2132 582 2158 me
613 2119 815 2173 perdunt,
847 2118 992 2161 oscula
1024 2119 1140 2160 mille
1173 2119 1299 2160 dedit.

208 2173 387 2228 Vincor,
419 2178 460 2215 et
492 2175 712 2229 ingenium
745 2178 929 2232 sumptis
961 2181 1185 2218 revocatur
1217 2178 1270 2218 ab
1304 2178 1451 2232 armis,

267 2232 436 2287 Resque
469 2233 583 2273 domi
617 2237 759 2288 gestas
792 2239 834 2276 et
866 2250 960 2277 mea
991 2235 1104 2276 bella
1136 2249 1252 2277 cano.

211 2289 387 2344 Sceptra
419 2294 563 2331 tamen
597 2293 776 2346 sumpsi,
808 2308 991 2347 curaque
1025 2294 1248 2349 tragoedia
1277 2297 1427 2334 nostra

270 2347 432 2404 Crevit,
465 2352 505 2390 et
537 2349 635 2390 huic
669 2351 787 2403 operi
821 2352 1055 2405 quamlibet
1088 2355 1213 2406 aptus
1246 2366 1377 2393 eram:
