1690 2656
323 156 410 198 204
771 157 874 192 ARS
899 156 1200 191 AMATORIA.

382 251 573 305 Longius
605 252 782 292 insidias
815 266 938 293 cerva
969 251 1131 292 videbit
1163 266 1286 307 anus,

325 308 369 350 Si
402 311 552 351 doctus
584 310 751 350 videare
783 309 877 350 rudi
908 310 1158 364 petulansve
1189 310 1385 366 pudenti,

382 368 560 409 Diffidet
591 368 770 409 miserae
801 369 998 423 protinus
1029 368 1104 409 illa
1136 368 1228 409 sibi.

323 425 425 467 Inde
457 427 525 479 fit,
555 429 604 467 ut
637 441 743 479 quae
777 441 820 467 se
852 426 998 467 timuit
1029 427 1297 468 committere
1327 427 1530 482 honesto,

253 495 303 520 770
384 484 493 525 Vilis
524 484 570 524 in
602 485 822 539 amplexus
853 485 1067 525 inferioris
1101 488 1180 526 eat.

321 541 426 583 Pars
460 546 633 596 superat
666 543 824 597 coepti,
855 558 953 597 pars
987 547 1051 584 est
1083 543 1290 584 exhausta
1320 543 1498 584 laboris:

379 600 462 641 Hic
494 604 639 642 teneat
669 605 840 642 nostras
874 615 1029 642 ancora
1059 601 1175 643 iacta
1204 604 1330 643 rates.

710 742 901 789 LIBER
947 742 1283 791 SECUNDUS.

320 833 461 875 Dicite
496 833 552 874 ‘io
583 833 760 875 Paean!9
793 837 836 875 et
868 833 940 875 ‘io'
973 834 1039 874 bis
1073 834 1199 875 dicite
1232 833 1423 875 ‘PaeanP

379 892 551 933 Decidit
581 893 625 932 in
659 907 798 933 casses
831 892 987 946 praeda
1019 892 1155 946 petita
1187 906 1324 947 meos,

320 950 478 991 Laetus
512 965 658 991 amans
693 951 823 991 donat
855 950 979 991 viridi
1011 965 1106 991 mea
1138 951 1327 991 carmina
1357 950 1501 1004 palma

379 1008 575 1049 Praelata
607 1008 794 1049 Ascraeo
826 1008 1108 1062 Maeonioque
1142 1008 1247 1049 seni:

285 1077 300 1100 5
319 1067 434 1108 Talis
468 1067 520 1107 ab
554 1066 764 1107 armiferis
796 1065 1032 1107 Priameius
1064 1066 1221 1120 hospes
1254 1066 1446 1120 Amyclis

381 1123 570 1166 Candida
602 1140 697 1166 cum
728 1128 851 1178 rapta
883 1125 1063 1179 coniuge
1094 1125 1188 1165 vela
1220 1125 1352 1179 dedit3

322 1183 437 1224 Talis
471 1186 580 1237 erat,
613 1183 684 1236 qui
717 1186 758 1223 te
792 1198 916 1224 curru
948 1183 1109 1223 victore
1141 1182 1327 1237 ferebat,

379 1241 516 1282 Vecta
547 1241 784 1296 peregrinis
816 1240 1106 1295 Hippodamia
1137 1241 1256 1282 rotis.

320 1299 430 1347 Quid
461 1314 684 1353 properas,
713 1299 908 1340 iuvenis‘.>
942 1299 1090 1340 mediis
1123 1302 1197 1340 tua
1227 1299 1353 1353 pinus
1385 1299 1430 1340 in
1460 1300 1584 1341 undis

267 1368 299 1392 10
377 1357 585 1412 Navigat,
617 1360 659 1398 et
690 1357 836 1412 longe,
868 1372 993 1411 quem
1024 1361 1143 1411 peto,
1174 1361 1324 1411 portus
1357 1358 1489 1399 abest.

318 1415 419 1456 Non
451 1416 555 1456 satis
589 1419 654 1456 est
685 1416 851 1456 venisse
883 1416 964 1456 tibi
996 1430 1062 1456 me
1095 1419 1190 1456 vate
1222 1416 1425 1470 puellam:

376 1474 482 1515 Arte
514 1488 609 1514 mea
641 1477 825 1528 captast,
857 1477 947 1514 arte
979 1474 1162 1515 tenenda
1193 1477 1340 1515 meast.

318 1531 406 1573 Nec
440 1532 580 1573 minor
612 1536 677 1573 est
707 1531 861 1585 virtus,
893 1546 1021 1585 quam
1054 1546 1272 1586 quaerere,
1302 1535 1427 1586 parta
1459 1533 1588 1574 tueri:

377 1589 511 1631 Casus
543 1590 656 1630 inest
686 1590 793 1643 illic,
824 1590 906 1631 hoc
940 1590 1022 1631 erit
1053 1590 1157 1630 artis
1192 1604 1310 1643 opus.

266 1659 298 1683 15
318 1648 443 1690 Nunc
476 1648 599 1701 mihi,
631 1648 857 1702 siquando,
887 1663 992 1702 puer
1024 1651 1066 1689 et
1099 1646 1326 1702 Cytherea,
1357 1647 1515 1702 favete,

377 1706 502 1748 Nunc
534 1706 684 1747 Erato!
717 1721 817 1747 nam
848 1709 895 1747 tu
926 1720 1083 1747 nomen
1115 1706 1272 1747 amoris
1304 1706 1448 1748 habes.

318 1765 475 1820 Magna
506 1779 630 1818 paro,
662 1779 766 1818 quas
798 1764 936 1818 possit
969 1765 1104 1805 Amor
1134 1779 1352 1806 remanere
1383 1779 1459 1819 per
1492 1768 1624 1819 artes,

376 1823 547 1877 Dicere,
579 1826 668 1863 tam
700 1825 822 1863 vasto
853 1836 1064 1877 pervagus
1098 1823 1199 1863 orbe
1230 1837 1346 1877 puer.

318 1881 375 1922 Et
406 1881 511 1922 levis
545 1885 610 1922 est
642 1884 684 1921 et
714 1881 845 1921 habet
878 1881 1088 1935 geminas,
1121 1880 1274 1935 quibus
1309 1881 1467 1935 avolet,
1499 1881 1605 1922 alas:

265 1950 299 1973 20
376 1939 607 1980 Difficilest
638 1939 723 1980 illis
755 1939 996 1993 inposuisse
1029 1939 1214 1980 modum.

318 1997 514 2051 Hospitis
548 1997 705 2052 effugio
737 2000 1057 2051 praestruxerat
1089 1997 1233 2038 omnia
1263 1997 1422 2038 Minos:

376 2055 594 2096 Audacem
625 2055 767 2109 pinnis
799 2055 987 2109 repperit
1018 2055 1089 2096 ille
1121 2055 1245 2096 viam.

318 2113 532 2154 Daedalus
564 2117 612 2154 ut
644 2113 798 2154 clausit
830 2117 1080 2167 conceptum
1114 2114 1289 2155 crimine
1320 2113 1470 2154 matris

379 2170 732 2225 Semibovemque
763 2172 903 2212 virum
936 2172 1265 2225 semivirumque
1295 2171 1467 2226 bovem,

265 2240 298 2263 25
322 2228 401 2270 ‘Sit
434 2229 584 2269 modus
618 2229 777 2283 exilio,'
811 2230 918 2271 dixit
950 2229 1198 2271 ‘iustissime
1230 2229 1389 2271 Minos:

377 2287 576 2340 Accipiat
608 2287 768 2328 cineres
801 2291 915 2329 terra
945 2291 1125 2342 paterna
1155 2289 1290 2329 meos!

320 2345 377 2386 Et
411 2345 613 2399 quoniam
643 2345 688 2385 in
718 2346 859 2399 patria
890 2346 991 2387 fatis
1024 2346 1211 2400 agitatus
1241 2345 1399 2399 iniquis
