1674 2662
555 149 581 191 1,
607 161 682 191 vm,
709 159 892 192 38—V111,
919 160 980 184 111.
1397 151 1448 192 13

1 289 3 296 Α
60 255 94 280 ⁷5
113 242 214 284 Mox
245 243 401 297 recipe,
432 246 481 284 ut
512 243 677 284 nullum
707 243 896 298 patiendi
928 244 1104 299 colligat
1137 259 1277 299 usum,

170 300 287 342 Neve
319 301 572 343 relentescat
604 316 727 356 saepe
759 302 954 356 repulsus
987 317 1115 343 amor.

114 358 249 400 Surda
281 360 338 400 sit
371 360 510 401 oranti
542 362 616 400 tua
647 360 792 414 ianua,
823 361 919 401 laxa
950 360 1122 410 ferenti3

170 417 331 458 Audiat
363 418 521 459 exclusi
553 419 681 459 verba
713 422 908 472 receptus
941 433 1105 473 amans,

112 475 188 529 Et,
220 476 341 529 quasi
373 476 487 517 laesa
518 477 653 530 prior,
684 491 1005 530 nonnumquam
1035 477 1215 519 irascere
1248 478 1381 519 laeso:

59 545 93 570 80
169 533 374 575 Vanescit
406 534 530 589 culpa
562 534 685 589 culpa
717 549 894 588 repensa
926 539 1010 576 tua.

114 590 195 632 Sed
226 607 459 646 numquam
491 593 654 633 dederis
688 594 927 647 spatiosum
958 597 1126 648 tempus
1158 594 1203 634 in
1233 594 1358 635 iram:

172 648 305 704 Saepe
338 651 576 691 simultates
609 651 673 691 ira
704 655 871 692 morata
902 651 1016 692 facit.

113 707 224 756 Quin
256 709 385 750 etiam
417 709 583 750 discant
616 709 727 750 oculi
758 710 978 750 lacrimare
1012 711 1167 764 coacti,

170 766 228 807 Et
258 766 419 808 faciant
451 768 555 808 udas
587 767 659 808 ille
691 768 758 808 vel
788 768 859 808 ille
893 782 1040 823 genas,

59 836 92 861 85
112 823 220 878 Nec,
252 825 417 878 siquem
449 825 589 879 falles,
620 830 667 866 tu
697 826 914 879 periurare
947 826 1114 867 timeto:

171 881 424 924 Commodat
454 883 500 923 in
530 884 648 924 lusus
679 884 853 924 numina
887 885 1013 924 surda
1045 884 1200 925 Venus.

113 939 266 982 Servus
300 944 342 982 et
375 941 426 981 ad
457 944 600 995 partes
634 941 782 982 sollers
816 941 969 982 ancilla
1000 945 1221 997 parentur,

171 998 252 1047 Qui
285 999 482 1053 doceant,
514 1002 611 1053 apte
645 999 745 1052 quid
776 999 858 1040 tibi
889 1000 1028 1053 possit
1060 1001 1160 1044 emi:

112 1057 170 1098 Et
202 1057 284 1097 sibi
315 1072 450 1111 pauca
481 1060 652 1112 rogent:
684 1057 843 1098 multos
877 1058 913 1098 si
943 1073 1079 1112 pauca
1110 1059 1342 1113 rogabunt,

59 1127 92 1152 90
169 1114 404 1156 Postmodo
437 1116 486 1156 de
520 1115 677 1170 stipula
710 1116 882 1170 grandis
915 1131 1088 1157 acervus
1122 1117 1213 1157 erit.

111 1174 169 1215 Et
201 1187 322 1214 soror
354 1177 396 1214 et
427 1177 581 1227 mater,
611 1174 756 1215 nutrix
788 1188 955 1227 quoque
989 1177 1135 1228 carpat
1168 1178 1398 1216 amantem:

168 1231 241 1273 Fit
273 1232 357 1273 cito
388 1246 464 1285 per
495 1232 653 1272 multas
685 1233 842 1285 praeda
872 1232 1009 1286 petita
1041 1247 1202 1274 manus.

112 1288 220 1331 Cum
252 1293 294 1330 te
327 1290 523 1330 deficient
553 1290 754 1343 poscendi
786 1304 961 1331 munera
995 1305 1163 1345 causae,

169 1347 369 1388 Natalem
400 1347 489 1388 libo
521 1348 750 1388 testificare
782 1350 921 1388 tuum!

59 1418 92 1443 95
111 1405 176 1447 Ne
210 1420 380 1447 securus
413 1409 526 1447 amet
556 1406 674 1446 nullo
706 1406 855 1460 rivale,
888 1409 1053 1447 caveto:

169 1463 270 1505 Non
300 1464 424 1518 bene,
457 1464 492 1504 si
523 1464 650 1504 tollas
681 1464 861 1518 proelia,
893 1465 1016 1505 durat
1049 1478 1177 1505 amor.

111 1522 188 1563 Ille
219 1522 299 1563 viri
329 1522 470 1563 videat
501 1525 595 1562 toto
627 1522 810 1577 vestigia
840 1522 951 1563 lecto

169 1580 385 1634 Factaque
416 1580 586 1621 lascivis
617 1559 765 1621 lividaD
776 1580 884 1621 colla
916 1580 1050 1626 notis:

111 1638 305 1679 Munera·
319 1638 544 1692 praecipue
575 1638 735 1693 videat,
767 1653 873 1692 quae
906 1629 1071 1679 miserit
1103 1639 1226 1680 alter:

43 1709 92 1734 100
172 1695 217 1737 Si
249 1696 410 1738 dederit
440 1711 584 1751 nemo,
617 1695 745 1738 Sacia
776 1697 965 1752 roganda
996 1697 1119 1738 viast.

112 1753 220 1795 Cum
250 1755 386 1796 multa
417 1754 663 1808 abstuleris,
694 1758 743 1795 ut
772 1769 860 1795 non
890 1758 1034 1796 tamen
1067 1755 1208 1796 omnia
1241 1756 1386 1809 donet,

171 1812 292 1861 Quod
322 1827 557 1866 numquam
586 1813 756 1866 reddas,
787 1813 1047 1867 commodet,
1078 1813 1171 1867 ipsa
1203 1815 1323 1868 roga!

112 1870 280 1926 Lingua
310 1870 428 1911 iuvet
459 1873 729 1924 mentemque
761 1874 898 1926 tegat:
930 1871 1122 1911 blandire
1154 1885 1361 1926 noceque,

169 1929 293 1983 Inpia
325 1930 402 1970 sub
436 1928 548 1970 dulci
579 1928 704 1969 melle
736 1943 896 1969 venena
927 1929 1074 1969 latent.

43 1999 92 2024 105
111 1987 227 2028 Haec
260 1987 295 2028 si
326 1986 592 2041 praestiteris
624 2000 705 2027 usu
736 1986 841 2027 mihi
874 1987 1047 2041 cognita
1077 1986 1226 2042 longo,

169 2044 259 2086 Nec
291 2045 468 2086 tulerint
498 2059 623 2085 voces
655 2047 806 2085 ventus
839 2047 881 2085 et
913 2059 1015 2085 aura
1046 2059 1179 2098 meas,

113 2102 246 2157 Saepe
278 2103 384 2144 mihi
416 2103 528 2144 dices
560 2102 679 2143 vivae
711 2103 837 2156 bene,
869 2117 993 2157 saepe
1024 2103 1217 2158 rogabis,

168 2160 229 2202 Ut
254 2175 349 2202 mea
381 2161 602 2202 defunctae
635 2160 822 2201 molliter
854 2174 951 2202 ossa
983 2161 1166 2202 cubent.'

109 2219 207 2260 Vox
238 2222 329 2261 erat
359 2219 404 2259 in
436 2234 579 2273 cursu,
612 2233 707 2260 cum
739 2233 806 2260 me
827 2233 932 2260 .mea
961 2219 1149 2273 prodidit
1181 2221 1350 2275 umbra,

42 2290 91 2314 110
169 2278 228 2318 At
258 2280 429 2319 nostrae
462 2277 531 2318 vix
564 2291 607 2318 se
640 2277 888 2318 continuere
920 2292 1089 2332 manus,

111 2335 222 2384 Quin
253 2336 394 2377 albam
425 2349 648 2389 raramque
681 2349 846 2377 comam
877 2336 1185 2390 lacrimosaque
1218 2336 1316 2377 vino
