1690 2656
296 145 380 186 190
756 145 857 179 ARs
883 144 1186 179 AMATORIA.

225 252 276 276 250
355 240 558 294 Horaque
590 241 824 281 formosam
858 239 1093 293 quamlibet
1124 238 1199 279 illa
1230 238 1350 280 facit:

295 296 479 339 Consule
512 299 561 338 de
595 298 794 353 gemmis,
825 298 874 338 de
907 297 1043 338 tincta
1074 297 1234 338 murice
1265 297 1383 352 lana,

354 355 538 397 Consule
571 356 620 397 de
652 356 760 397 facie
793 355 1128 410 corporibusque
1161 355 1290 397 diem!

295 413 405 462 Quid
436 414 517 455 tibi
548 414 756 455 femineos
790 418 936 455 coetus
972 414 1196 455 venatibus
1231 416 1354 468 aptos

353 472 640 513 Enumerem?
672 487 848 514 numero
883 473 1002 513 cedet
1033 472 1193 513 harena
1224 486 1330 513 meo.

223 541 273 567 255
294 529 404 578 Quid
435 531 617 572 referam
648 531 775 572 Baias
807 534 1111 585 praetextaque
1142 531 1269 571 litora
1301 530 1402 571 Bais

352 589 430 643 Et,
462 603 569 643 quae
603 590 653 630 de
686 590 822 630 calido
851 590 1020 643 sulpure
1053 589 1211 642 fumat,
1243 589 1426 642 aquam?

295 646 408 688 Hinc
442 647 596 702 aliquis
630 648 782 689 vulnus
815 648 1001 688 referens
1032 647 1078 687 in
1108 650 1280 701 pectore
1314 647 1438 687 dixit:

354 704 469 746 ‘Non
499 706 623 760 haec,
653 710 702 747 ut
734 706 909 760 famast,
940 706 1053 746 unda
1085 705 1268 746 salubris
1301 705 1419 746 erat.'

294 763 405 804 Eece
438 764 707 805 suburbanae
739 765 948 819 templum
978 764 1193 805 nemorale
1224 763 1389 804 Dianae

224 834 274 858 260
353 821 567 876 Partaque
598 838 674 877 per
707 823 871 878 gladios
903 837 1036 878 regna
1066 825 1246 863 nocente
1279 837 1425 862 manu:

292 879 373 921 Illa
406 881 518 934 quod
551 885 616 922 est
646 881 787 936 virgo,
819 882 932 935 quod
964 881 1050 922 tela
1082 879 1304 935 Cupidinis
1338 880 1445 935 odit,

351 938 490 979 Multa
522 939 637 980 dedit
667 940 825 994 populo
858 940 1050 993 vulnera,
1081 940 1217 980 multa
1249 938 1378 979 dabit.

291 996 531 1051 Hactenus,
562 998 671 1038 unde
704 998 842 1052 legas,
874 998 987 1052 quod
1018 1012 1152 1051 ames,
1182 997 1256 1038 ubi
1288 997 1398 1038 retia
1428 1010 1583 1051 ponas,

351 1054 566 1109 Praecipit
598 1056 818 1110 inparibus
850 1058 973 1097 vecta
1003 1055 1163 1097 Thalea
1195 1055 1320 1109 rotis,

222 1124 272 1150 265
292 1112 418 1154 Nunc
450 1114 550 1167 tibi,
582 1128 688 1167 quae
720 1114 900 1168 placuit,
939 1128 1042 1167 quas
1082 1114 1138 1154 sit
1171 1113 1375 1167 capienda
1404 1128 1480 1167 per
1512 1116 1637 1168 artes,

351 1172 503 1213 Dicere
534 1172 788 1227 praecipuae
822 1172 976 1212 molior
1009 1172 1112 1212 artis
1146 1186 1270 1226 opus:

292 1229 494 1284 Quisquis
526 1230 703 1284 ubique,
733 1230 832 1284 viri,
864 1230 1022 1271 dociles
1056 1230 1262 1271 advertite
1295 1233 1479 1285 mentes,

349 1288 645 1342 Pollicitisque
677 1288 824 1329 favens
856 1289 1010 1342 vulgus
1043 1289 1187 1329 adeste
1219 1288 1342 1329 meis!

290 1346 435 1387 Prima
466 1350 566 1387 tuae
598 1347 732 1388 menti
764 1347 907 1388 veniat
937 1347 1110 1401 fiducia,
1142 1350 1317 1388 cunctas

222 1417 273 1440 ‘270
351 1404 483 1446 Posse
516 1405 628 1459 capi:
660 1405 818 1460 capies,
849 1408 898 1446 tu
929 1406 1055 1446 modo
1088 1405 1213 1446 tende
1243 1405 1405 1460 plagas.

291 1462 401 1504 Vere
433 1463 552 1517 prius
585 1464 779 1505 volucres
812 1467 1000 1517 taceant,
1032 1466 1193 1505 aestate
1226 1463 1412 1517 cicadae,

349 1520 586 1562 Maenalius
618 1522 754 1576 lepori
786 1522 857 1563 det
889 1537 965 1562 sua
996 1525 1119 1577 terga
1150 1522 1285 1576 canis,

290 1579 469 1620 Femina
501 1594 629 1634 quam
660 1580 804 1621 iuveni
835 1580 990 1621 blande
1022 1583 1234 1634 temptata
1264 1583 1490 1635 repugnet:

349 1637 467 1680 Haec
500 1653 685 1693 quoque,
719 1653 846 1692 quam
876 1638 1037 1692 poteris
1071 1638 1238 1679 credere
1269 1638 1401 1692 nolle,
1432 1638 1556 1679 volet.

221 1708 270 1732 275
290 1695 434 1749 thue
466 1696 557 1737 viro
589 1697 749 1737 furtiva
779 1696 944 1750 Venus,
975 1696 1035 1737 sic
1068 1699 1191 1751 grata
1221 1696 1404 1750 puellae:

350 1754 430 1795 Vir
461 1755 571 1796 male
604 1754 865 1809 dissimulat,
895 1755 1051 1795 tectius
1082 1755 1157 1795 illa
1189 1754 1325 1809 cupit3

291 1810 529 1854 Conveniat
560 1813 769 1867 maribus,
798 1827 851 1854 ne
885 1828 1012 1866 quam
1043 1827 1121 1854 nos
1155 1816 1252 1854 ante
1284 1827 1503 1868 rogemus,

350 1870 529 1912 Femina
559 1871 645 1913 iam
676 1874 820 1926 partes
852 1871 966 1912 victa
997 1871 1192 1926 rogantis
1226 1873 1343 1926 agat!

290 1928 496 1970 Mollibus
527 1930 573 1970 in
603 1930 737 1984 pratis
770 1930 964 1984 admugit
994 1930 1153 1970 femina
1184 1933 1327 1983 tauro,

220 1999 271 2024 280
348 1986 527 2028 Femina
559 1988 774 2042 cornipedi
807 2002 972 2042 semper
1004 1988 1199 2029 adhinnit
1231 2002 1358 2042 equo3

290 2044 466 2086 Parcior
496 2046 541 2086 in
571 2047 696 2087 nobis
727 2061 805 2087 nec
837 2049 926 2087 tam
957 2046 1120 2087 furiosa
1150 2046 1301 2087 libido:

349 2102 612 2158 Legitimum
642 2105 771 2145 finem
802 2104 976 2146 flamma
1005 2104 1139 2146 virilis
1171 2105 1312 2145 habet.

290 2160 474 2215 Byblida
505 2163 606 2215 quid
636 2163 836 2217 referam,
867 2163 1001 2204 vetito
1035 2178 1142 2217 quae
1172 2163 1319 2204 fratris
1352 2177 1494 2204 amore

349 2219 471 2260 Arsit
503 2224 545 2260 et
577 2224 642 2261 est
672 2221 824 2274 laqueo
856 2221 1028 2262 fortiter
1059 2221 1151 2261 ulta
1181 2221 1330 2262 nefas?

220 2288 270 2313 285
290 2276 466 2331 Myrrha
496 2281 681 2333 patrem,
713 2280 785 2320 sed
816 2293 903 2320 non
935 2294 1018 2333 qua
1047 2279 1137 2320 filia
1168 2280 1311 2334 debet,
1342 2278 1516 2319 amavit:

349 2336 408 2376 Et
438 2350 551 2377 1111116
584 2337 768 2378 obducto
801 2338 957 2378 cortice
988 2352 1136 2391 pressa
1166 2337 1289 2391 latet3
