1690 2656
264 150 348 190 144
772 148 1095 183 EPISTULAE.

321 245 429 287 Cum
460 260 554 286 mea
585 244 811 299 virginitas
844 243 960 285 mille
991 244 1128 297 petita
1158 245 1316 298 procis:

193 315 242 341 105
264 303 308 345 Si
341 308 383 345 te
415 304 633 357 vidissem,
664 302 827 357 primus
860 303 910 343 de
942 302 1058 343 mille
1090 302 1261 344 fuisses!

319 362 483 403 Iudicio
515 361 683 402 veniam
714 361 779 402 vir
811 360 930 401 dabit
959 360 1052 414 ipse
1084 375 1190 401 meo.

259 420 329 461 Ad
361 434 558 474 possessa
589 419 707 461 venis
739 422 1049 473 praeceptaque
1083 419 1238 474 gaudia
1270 434 1407 462 serus:

322 478 426 532 Spes
459 481 534 519 1116
564 478 681 519 161116
711 477 812 532 11111,
845 478 957 532 quod
988 477 1118 532 petis,
1150 477 1258 518 alter
1288 478 1429 520 habet.

261 536 321 577 Ut
353 540 496 578 tamen
528 539 722 591 optarem
753 536 845 577 fieri
876 539 952 576 tua
983 536 1135 577 Troica
1168 537 1369 592 coniunx,

192 607 241 631 110
320 595 507 636 Invitam
540 595 599 636 sic
631 610 698 636 me
729 609 806 636 nec
838 593 1056 635 Menelaus
1088 594 1230 635 habet.

260 654 418 694 Desine
450 653 597 708 molle,
627 668 795 708 precor,
826 653 966 693 verbis
1000 653 1234 694 convellere
1265 657 1415 708 pectus

319 711 437 753 Neve
469 712 595 767 mihi,
627 726 754 765 quam
785 714 828 752 te
861 711 965 752 dicis
999 726 1158 765 amare,
1188 725 1313 766 noce,

261 769 342 811 Sed
375 770 485 825 sine,
517 785 645 824 quain
677 770 831 811 tribuit
864 772 1025 810 sortem
1055 769 1248 823 fortuna,
1278 771 1390 811 tueri

318 828 408 870 Nec
442 829 627 883 spolium
658 829 796 869 nostri
828 831 951 882 turpe
982 828 1158 882 pudoris
1189 828 1315 869 habe!

190 898 239 922 115
260 887 319 928 At
351 887 497 927 Venus
529 887 611 928 hoc
642 890 830 941 pactast,
861 890 904 927 et
934 887 980 927 in
1012 887 1122 927 altae
1154 886 1337 928 vallibus
1370 887 1469 929 Idae

318 945 421 986 Tres
453 945 533 986 tibi
566 960 610 986 se
641 946 776 986 nudas
809 945 1037 986 exhibuere
1069 945 1188 997 deae,

259 1002 438 1057 Unaque
471 1018 568 1044 cum
599 1018 797 1058 regnum,
828 1003 930 1043 belli
963 1003 1082 1043 daret
1114 1003 1248 1043 altera
1278 1003 1466 1058 laudem,

318 1061 587 1116 ‘Tyndaridis
620 1059 823 1102 conjunx'
857 1061 985 1101 tertia
1017 1062 1124 1102 dixit
1157 1061 1297 1103 teris'!

260 1118 439 1160 Credere
471 1120 541 1160 vix
573 1119 769 1173 equidem
802 1119 1002 1160 caelestia
1034 1132 1213 1172 corpora
1243 1133 1418 1173 possum

188 1190 238 1213 120
316 1178 511 1219 Arbitrio
543 1178 726 1218 formam
759 1177 1033 1232 supposuisse
1066 1180 1160 1231 tuo,

258 1235 401 1290 thue
435 1236 491 1277 sit
521 1236 602 1277 hoc
634 1251 799 1290 verum,
831 1238 944 1277 certe
976 1250 1074 1289 pars
1108 1235 1242 1276 altera
1271 1235 1433 1291 fictast,

316 1294 468 1335 Iudicii
499 1294 685 1348 pretium
719 1309 801 1347 qua
832 1294 932 1335 data
965 1294 1083 1335 dicor
1114 1308 1211 1348 ego:

257 1352 358 1394 Non
390 1356 455 1394 est
487 1355 609 1393 tanta
641 1353 746 1394 mihi
777 1352 932 1393 fiducia
964 1352 1173 1406 corporis,
1205 1354 1253 1393 ut
1284 1367 1352 1393 me

316 1411 504 1452 Maxima
534 1414 644 1452 teste
678 1412 755 1452 dea
787 1412 897 1452 dona
928 1411 1059 1452 fuisse
1091 1413 1249 1464 putem.

187 1481 236 1506 125
258 1469 514 1511 Contentast
547 1470 680 1511 oculis
712 1470 936 1510 hominum
968 1484 1062 1510 11166
1092 1469 1232 1509 forma
1261 1469 1452 1523 probari:

314 1528 549 1569 Laudatrix
580 1527 726 1569 Venus
760 1531 825 1569 est
855 1528 1066 1569 invidiosa
1098 1527 1219 1568 mihi!

259 1585 339 1627 Sed
371 1587 479 1627 nihil
510 1587 699 1641 infirmo,
731 1587 852 1627 faveo
886 1601 1054 1640 quoque
1085 1585 1282 1626 laudibus
1314 1585 1427 1627 istis:

315 1644 429 1686 Nam
460 1660 555 1686 mea
585 1659 667 1686 vox
699 1659 847 1699 quare,
879 1645 991 1698 quod
1024 1644 1158 1698 cupit,
1191 1658 1282 1684 esse
1313 1645 1470 1699 neget?

256 1703 345 1744 Nec
378 1707 428 1744 tu
460 1718 677 1757 succense,
709 1704 890 1744 nimium
921 1703 1027 1743 mihi
1059 1702 1243 1744 creditus
1276 1716 1419 1757 aegre:

187 1774 237 1798 130
315 1761 454 1802 Tarda
486 1762 594 1802 solet
626 1762 793 1816 magnis
825 1762 952 1802 rebus
984 1761 1121 1802 inesse
1153 1761 1268 1801 fides.

254 1819 399 1860 Prima
431 1823 568 1861 meast
598 1820 732 1875 igitur
763 1819 920 1861 Veneri
950 1819 1160 1874 placuisse
1192 1819 1408 1873 voluptas,

313 1878 531 1927 Proxima,
563 1893 629 1919 me
662 1879 797 1919 visam
828 1878 1018 1933 praemia
1050 1892 1216 1919 summa
1247 1876 1345 1931 tibi,

253 1935 344 1978 Nec
377 1940 418 1977 te
450 1936 665 1978 Palladios
697 1951 774 1978 nec
806 1940 847 1978 16
880 1937 1056 1977 Iunonis
1088 1936 1271 1977 honores

314 1995 483 2036 Auditis
516 1995 704 2036 Helenae
736 1995 1032 2049 praeposuisse
1064 1995 1199 2035 bonis.

185 2064 235 2089 135
255 2053 372 2107 Ergo
407 2068 485 2107 ego
520 2069 613 2094 811111
645 2054 799 2108 virtus,
831 2068 910 2109 ego
943 2068 1038 2094 sum
1070 2053 1150 2093 tibi
1181 2052 1325 2093 nobile
1356 2055 1551 2108 regnum!

313 2111 469 2152 Ferrea
502 2112 600 2166 siin,
634 2112 669 2153 81
699 2127 787 2153 non
817 2112 899 2153 hoc
932 2126 1011 2167 ego
1043 2114 1192 2165 pectus
1225 2125 1373 2151 amem.

254 2168 429 2223 Ferrea,
461 2171 581 2210 crede
614 2170 738 2223 mihi,
768 2185 856 2211 non
888 2185 1000 2224 sum,
1033 2170 1105 2210 sed
1137 2184 1278 2210 amare
1309 2183 1501 2224 repugno

312 2227 458 2280 Illum,
490 2242 614 2280 quem
646 2229 736 2269 fieri
769 2229 839 2270 vix
870 2232 975 2283 puto
1007 2243 1132 2282 posse
1164 2242 1317 2268 meum.

256 2286 367 2335 Quid
397 2285 593 2326 bibulum
627 2301 754 2327 curvo
786 2287 1056 2341 proscindere
1088 2286 1189 2327 litus
1223 2288 1365 2326 aratro

183 2356 233 2380 140
314 2343 524 2398 Spemque
558 2345 675 2398 sequi
710 2359 854 2398 coner,
887 2360 1014 2398 quam
1046 2345 1164 2386 locus
1195 2344 1286 2398 ipse
1317 2344 1476 2398 negat?
