1690 2656
329 158 415 200 252
746 156 1002 192 REMEDIA
1026 155 1248 191 AMORIS.

328 253 515 308 Adspice,
547 253 739 293 labentes
771 251 955 293 iucundo
988 266 1203 293 murmure
1233 251 1367 306 rivos3

388 312 573 365 Adspice
606 310 832 351 tondentes
864 310 1005 351 fertile
1039 324 1215 365 gramen
1247 312 1362 351 oves!

330 370 459 424 Ecce,
490 372 643 423 petunt
673 383 800 422 rupes
831 371 1145 423 praeruptaque
1178 383 1281 410 saxa
1311 368 1514 424 capellae:

260 441 310 466 iso
388 428 482 469 Iam
512 427 697 468 referent
728 426 875 468 haedis
907 427 1039 467 ubera
1069 427 1196 481 plena
1228 427 1326 468 suis.

330 486 486 527 Pastor
517 485 732 539 inaequali
764 485 1009 526 modulatur
1040 485 1275 526 harundine
1308 499 1496 540 carmen,

388 543 479 586 Nec
512 544 665 585 desunt
697 544 894 598 comites,
926 544 1071 585 sedula
1102 544 1248 599 turba,
1279 558 1414 585 canes.

330 602 457 643 Parte
490 606 645 643 sonant
677 602 760 643 alia
792 602 922 643 silvae
955 602 1192 657 mugitibus
1225 602 1354 657 altae,

389 661 448 702 Et
481 660 673 714 queritur
703 660 888 701 vitulum
919 663 1056 701 mater
1088 661 1236 701 abesse
1269 675 1404 701 suum.

261 730 311 756 185
333 719 463 774 Quid,
495 734 591 760 cum
624 719 870 773 suppositos
902 718 1076 773 fugiunt
1108 719 1303 759 examina
1333 719 1493 773 fumos,

389 776 450 818 Ut
481 778 671 818 relevent
703 777 865 831 dempti
897 777 1057 818 vimina
1089 792 1217 818 curva
1247 777 1363 818 favi?

330 835 465 877 Poma
497 836 570 876 dat
601 838 851 890 autumnus3
880 835 1114 876 formosast
1145 836 1358 877 messibus
1391 838 1548 890 aestas3

389 893 478 934 Ver
508 894 686 947 praebet
716 894 860 948 fiores,
890 893 990 948 igne
1019 894 1185 935 levatur
1215 894 1393 948 hiemps.

296 952 615 1006 *Temporibus
649 952 775 994 certis
796 955 1015 993 'maturam
1046 952 1233 994 rusticus
1264 967 1392 994 uvam

262 1023 312 1048 190
391 1010 575 1065 Deligit,
605 1013 648 1051 et
678 1011 793 1051 nudo
826 1010 904 1050 sub
936 1011 1041 1064 pede
1073 1014 1216 1051 musta
1246 1010 1439 1066 fluunt3*

332 1068 615 1123 Temporibus
649 1068 775 1109 certis
803 1068 993 1109 desectas
1027 1068 1177 1123 alligat
1207 1069 1380 1124 herbas,

390 1127 449 1168 Et
479 1130 651 1168 tonsam
683 1141 780 1167 raro
811 1126 979 1180 pectine
1011 1127 1143 1167 verrit
1172 1126 1363 1168 humum.

331 1185 428 1240 Ipse
461 1188 584 1239 potes
616 1185 751 1239 riguis
783 1185 975 1239 plantam
1007 1185 1216 1238 deponere
1247 1185 1293 1225 in
1322 1185 1479 1241 hortis,

390 1244 487 1297 Ipse
518 1246 641 1297 potes
674 1243 787 1283 rivos
821 1243 971 1284 ducere
1002 1243 1109 1284 lenis
1143 1257 1287 1297 aquae.

262 1314 311 1339 195
331 1301 510 1343 Venerit
540 1301 707 1342 insitio:
739 1301 825 1354 fac,
855 1315 1022 1342 ramum
1053 1316 1196 1343 ramus
1230 1302 1423 1357 adoptet,

391 1358 569 1413 Stetque
600 1359 837 1414 peregrinis
870 1360 997 1400 arbor
1030 1363 1178 1414 operta
1209 1360 1354 1402 comis.

332 1417 440 1460 Cum
472 1418 603 1459 semel
632 1418 738 1459 haee
771 1417 961 1459 animum
993 1418 1134 1472 coepit
1168 1419 1352 1460 mulcere
1383 1419 1595 1474 voluptas,

389 1476 616 1518 Debilibus
648 1476 791 1530 pinnis
822 1476 979 1517 inritus
1011 1478 1099 1517 exit
1131 1477 1275 1518 Amor.

331 1535 412 1577 Vel
444 1538 493 1576 tu
523 1535 704 1575 venandi
737 1534 927 1576 studium
959 1535 1066 1576 cole:
1099 1549 1223 1590 saepe
1255 1535 1431 1577 recessit

261 1605 312 1630 200
390 1593 590 1647 Turpiter
621 1608 645 1634 a
675 1592 839 1634 Phoebi
871 1593 986 1634 victa
1020 1607 1163 1634 sorore
1196 1593 1357 1647 Venus3

331 1651 458 1693 Nunc
489 1652 678 1706 leporem
708 1665 892 1705 pronum
924 1652 1066 1692 catulo
1099 1654 1261 1693 sectare
1295 1652 1456 1707 sagaci,

389 1709 516 1751 Nunc
548 1713 623 1751 tua
653 1709 867 1750 frondosis
900 1709 1008 1750 retia
1039 1710 1163 1750 tende
1194 1709 1326 1765 iugis3

331 1768 422 1809 Aut
453 1768 630 1822 pavidos
662 1770 774 1808 terre
806 1767 924 1808 varia
954 1768 1182 1808 formidine
1215 1783 1379 1824 cervos,

390 1827 480 1867 Aut
512 1826 635 1867 cadat
667 1826 842 1867 adversa
874 1826 1045 1880 cuspide
1077 1826 1219 1868 fossus
1252 1841 1370 1881 aper3

263 1896 312 1921 205
332 1885 472 1926 Nocte
503 1884 735 1939 fatigatum
767 1898 960 1939 somnus,
990 1899 1078 1925 non
1110 1899 1211 1926 eura
1240 1885 1406 1939 puellae

390 1943 565 1997 Excipit
597 1946 639 1983 et
670 1942 820 1997 pingui
852 1918 1044 1983 menibra
1076 1943 1216 1997 quiete
1248 1944 1373 1984 levat.

332 2000 490 2042 Lenius
523 2004 589 2042 est
621 2001 827 2054 studium,
859 2001 1046 2042 studium
1078 2004 1240 2055 tamen,
1271 2002 1372 2042 alite
1404 2006 1528 2057 capta

390 2059 480 2100 Aut
511 2059 599 2100 lino
633 2062 706 2100 aut
739 2059 912 2100 calamis
943 2059 1132 2113 praemia
1163 2074 1294 2114 parva
1327 2061 1463 2115 sequi,

332 2116 432 2170 Vel,
464 2131 571 2170 quae
602 2117 731 2172 piscis
765 2117 869 2158 edax
901 2117 1024 2158 avido
1057 2118 1166 2158 male
1199 2118 1371 2159 devoret
1403 2133 1492 2175 ore,

263 2186 314 2211 ‘210
390 2175 560 2216 Abdere
593 2176 670 2216 sub
703 2175 845 2229 parvis
881 2190 979 2216 aera
1009 2190 1184 2217 recurva
1215 2176 1332 2218 cibis.

332 2233 421 2273 Aut
452 2233 520 2273 his
554 2237 627 2274 aut
659 2234 772 2288 aliis,
806 2234 938 2275 donee
971 2234 1150 2275 dediscis
1184 2249 1342 2289 amare,

390 2290 488 2345 Ipse
519 2291 600 2332 tibi
630 2291 780 2332 furtim
812 2292 1083 2346 decipiendus
1116 2292 1208 2333 eris.

333 2349 397 2390 Tu
427 2352 616 2404 tantum,
648 2350 839 2404 quamvis
872 2351 1005 2391 firmis
1038 2350 1275 2392 retinebere
1307 2351 1476 2405 vinclis,
