1674 2662
429 162 523 197 xm.
551 163 696 209 [mur]
723 162 945 197 HELENE
973 174 1132 198 178-251.
1348 161 1428 202 147

27 269 76 294 215
97 256 359 310 Quicumque
392 258 545 299 Iliacos
578 258 803 299 intraverit
836 259 995 299 advena
1026 261 1194 313 portus,

153 315 194 355 Is
227 316 307 356 tibi
340 316 514 357 solliciti
547 331 674 357 causa
706 316 872 357 timoris
906 317 997 357 erit.

94 373 190 428 Ipse
223 374 327 414 mihi
361 375 555 428 quotiens
588 375 722 416 iratus
757 374 977 416 tadultera’
1012 375 1142 429 dices,

154 431 323 473 Oblitus
354 436 503 474 nostro
537 433 695 474 crimen
726 433 864 474 inesse
897 434 1034 474 tuum!

95 490 251 531 Delicti
284 491 358 531 fies
389 491 501 532 idem
533 492 812 545 reprehensor
843 494 885 532 et
916 495 1075 533 auctor.

26 560 76 585 220
154 548 301 603 Terra,
331 563 497 603 precor,
529 547 672 590 vultus
705 550 858 590 obruat
891 553 987 590 ante
1021 551 1154 591 meos!

95 607 154 647 At
186 608 301 647 fruar
333 607 474 648 Iliacis
508 608 660 661 opibus
693 608 892 661 cultuque
925 608 1050 648 beato

154 664 360 719 Donaque
392 666 614 720 promissis
646 666 844 706 uberiora
874 666 1027 706 feram:

94 722 287 777 Purpura
318 738 468 778 nempe
501 725 605 765 mihi
637 724 909 778 pretiosaque
942 728 1059 765 texta
1091 724 1321 778 dabuntur,

155 780 452 836 Congestoque
486 783 576 823 auri
608 783 791 836 pondere
825 783 939 823 dives
972 784 1060 823 ero!

27 840 163 880 2211Da
194 840 360 881 veniam
392 840 546 881 fassae!
579 855 665 881 non
698 844 796 881 sunt
827 844 902 881 tua
933 855 1107 881 munera
1139 841 1266 895 tanti3

154 897 310 939 Nescio
344 913 426 951 quo
459 898 584 939 tellus
618 913 683 939 me
715 902 832 939 tenet
862 898 956 952 ipsa
987 899 1124 939 modo.

96 955 198 1004 Quis
230 956 353 1009 mihi,
384 956 420 997 si
450 956 611 1009 laedar,
640 956 840 1010 Phrygiis
873 960 1089 997 succurret
1121 957 1166 997 in
1198 956 1312 997 oris'?

154 1012 274 1055 Unde
306 1017 448 1068 petam
480 1014 652 1068 fratres,
682 1015 791 1054 unde
823 1015 1012 1068 parentis
1047 1015 1198 1069 opem?

96 1071 248 1113 Omnia
279 1071 450 1114 Medeae
481 1073 611 1113 fallax
642 1073 840 1127 promisit
871 1073 1015 1114 Iason:

27 1142 76 1166 230
154 1130 325 1171 Pulsast
357 1131 544 1171 Aesonia
574 1145 677 1171 num
708 1131 847 1171 minus
879 1131 953 1172 illa
985 1132 1140 1172 domo?

99 1188 195 1229 Non
227 1192 318 1229 erat
349 1189 522 1242 Aeetes,
553 1189 605 1229 ad
637 1204 761 1242 quem
793 1190 991 1243 despecta
1021 1190 1196 1244 rediret,

154 1246 254 1287 Non
285 1246 403 1300 Idyia
434 1261 586 1300 parens
620 1245 930 1301 Chalciopeque
964 1262 1093 1288 soror.

96 1304 196 1345 Tale
228 1304 335 1344 nihil
366 1305 515 1358 timeo,
548 1305 619 1345 sed
649 1320 725 1346 nec
758 1305 906 1345 Medea
937 1305 1133 1346 timebat:

154 1362 186 1403 F
193 1363 336 1403 allitur
368 1363 546 1418 augurio
580 1378 674 1417 spes
706 1364 819 1404 bona
852 1378 974 1417 saepe
1007 1378 1096 1404 suo.

28 1433 77 1457 235
98 1420 305 1462 Omnibus
335 1421 544 1474 invenies,
575 1436 681 1475 quae
712 1436 823 1462 nunc
855 1421 1069 1462 iactantur
1100 1422 1145 1461 in
1177 1422 1284 1476 alto,

156 1479 348 1520 Navibus
381 1494 405 1520 a
435 1483 563 1534 portu
594 1480 685 1520 lene
718 1480 848 1520 fuisse
880 1479 1047 1520 fretum.

96 1537 186 1578 Fax
219 1552 384 1591 quoque
416 1553 482 1578 me
514 1541 662 1592 terret,
694 1553 820 1592 quam
854 1552 896 1578 se
928 1538 1141 1592 peperisse
1175 1543 1391 1581 cruentam

155 1597 266 1637 Ante
299 1596 409 1636 diem
439 1599 587 1650 partus
620 1599 684 1636 est
715 1599 790 1636 tua
821 1596 911 1637 visa
942 1611 1112 1650 parens,

97 1654 154 1695 Et
186 1657 332 1694 vatum
363 1654 493 1695 timeo
526 1654 733 1708 monitus,
765 1669 869 1708 quos
900 1654 998 1709 igne
1030 1654 1211 1709 Pelasgo

29 1724 78 1748 240
158 1712 267 1752 Ilion
299 1727 493 1753 arsurum
525 1713 842 1766 praemonuisse
874 1712 1029 1755 ferunt.

97 1769 239 1823 thue
270 1770 385 1810 favet
417 1769 628 1824 Cytherea
658 1771 756 1824 tibi,
788 1771 886 1825 quia
917 1771 1037 1825 vicit,
1067 1771 1279 1824 habetque

155 1828 285 1868 Parta
315 1842 390 1882 per
422 1828 644 1869 arbitrium
676 1829 778 1869 bina
809 1832 984 1882 tropaea
1016 1832 1154 1882 tuum,

100 1885 167 1927 sic
198 1886 293 1926 illas
325 1900 488 1940 vereor,
520 1901 644 1940 quae,
675 1886 710 1927 si
742 1890 815 1927 tua
847 1887 984 1941 gloria
1015 1890 1174 1941 verast,

159 1944 297 1985 Iudice
329 1947 371 1985 te
404 1959 575 1986 causam
606 1958 693 1985 non
722 1947 894 1985 tenuere
927 1945 1044 1985 duae.

30 2013 79 2037 2¹5
99 2001 188 2042 Nec
221 2002 387 2056 dubito,
419 2003 539 2057 quin,
570 2006 612 2043 te
646 2003 681 2043 si
712 2017 963 2057 prosequar,
994 2018 1110 2044 arma
1141 2007 1357 2058 parentur:

158 2060 244 2100 Ibit
274 2075 348 2114 per
381 2061 562 2115 gladios,
593 2060 632 2101 ei
663 2061 784 2101 mihi!
815 2064 961 2101 noster
993 2076 1120 2102 amor.

98 2118 166 2158 An
197 2117 287 2158 fera
318 2117 540 2159 Centauris
572 2118 755 2159 indicere
787 2119 899 2159 bella
931 2119 1072 2174 coegit

156 2176 325 2217 Atracis
357 2176 616 2217 Haemonios
648 2176 934 2231 Hippodamia
964 2178 1092 2219 viros:

97 2233 160 2274 Tu
192 2234 281 2275 fore
314 2238 402 2275 tam
432 2235 548 2276 iusta
577 2235 740 2276 lentum
771 2234 995 2276 Menelaon
1024 2237 1069 2276 in
1099 2236 1163 2277 ira

30 2302 79 2327 250
156 2292 213 2333 Et
246 2293 436 2346 geminos
468 2293 620 2334 fratres
652 2293 1000 2348 Tyndareumque
1031 2295 1185 2349 putas?

100 2349 219 2397 Quod
250 2351 354 2392 bene
387 2355 428 2392 te
459 2352 591 2393 iactes
624 2356 666 2393 et
697 2352 826 2393 fortia
856 2352 970 2394 facta-
1001 2353 1208 2407 loquaris,

1074 2423 1143 2455 10³³
