1690 2656
282 149 365 190 170
789 148 1108 183 EPISTULAE.

339 243 499 292 Quidve
531 243 596 283 vir
628 242 745 282 elusa
776 241 940 296 virgine
972 242 1109 283 laudis
1141 242 1303 283 habes?

279 301 380 342 Non
411 316 489 355 ego
524 300 799 342 constiteram
833 303 1002 354 sumpta
1033 300 1196 354 peltata
1228 301 1384 355 securi,

338 360 482 407 Qualis
514 359 560 398 in
590 358 722 399 Iliaco
754 357 1026 398 Penthesilea
1058 358 1167 412 solo,

279 417 434 457 Nullus
467 416 703 457 Amazonio
737 416 922 457 caelatus
955 416 1122 457 balteus
1155 431 1276 470 auro,

209 485 259 509 120
339 475 458 516 Sicut
491 475 544 515 ab
576 474 827 528 Hippolyte,
861 475 1017 528 praeda
1048 474 1183 515 relata
1214 474 1348 515 tibist.

278 533 422 574 Verba
454 533 554 587 quid
586 533 750 573 exultas
783 535 858 573 tua
890 533 926 572 si
958 532 1063 572 mihi
1094 532 1223 573 verba
1255 533 1478 587 dederunt,

340 590 526 644 Sumque
558 605 710 644 parum
741 591 923 644 prudens
957 593 1082 644 capta
1112 591 1254 644 puella
1287 591 1425 632 dolis?

279 648 498 703 Cydippen
529 663 722 702 pomum,
753 663 929 702 pomum
962 648 1226 689 Schoeneida
1258 649 1385 703 cepit:

336 707 400 747 Tu
430 722 542 748 1111116
574 707 864 760 Hippomenes
899 706 1061 747 scilicet
1094 707 1201 747 alter
1233 707 1344 747 eris?

210 775 258 798 125
277 765 335 805 At
367 765 507 806 fuerat
540 765 709 818 melius,
740 765 776 805 si
808 768 850 805 te
881 779 986 818 puer
1015 764 1098 805 iste
1130 765 1321 817 tenebat,

336 823 470 871 Quem
502 826 549 863 tu
580 823 723 864 nescio
757 837 861 876 quas
894 823 999 863 dicis
1031 822 1187 863 habere
1220 823 1351 877 vices,

277 882 395 922 More
430 881 552 921 bonis
586 881 712 922 solito
746 896 864 934 spem
895 895 982 921 non
1013 895 1282 934 corrumpere
1314 881 1477 922 fraude:

336 940 563 979 Exoranda
594 939 693 992 tibi,
724 953 810 979 non
842 939 1045 992 capienda
1076 939 1156 979 fui!

278 997 380 1050 Cur,
412 1012 477 1037 me
510 1012 607 1037 611111
638 1000 803 1050 peteres
813 1030 823 1050 ,
854 1012 903 1037 ea
933 1011 1019 1037 non
1050 997 1290 1050 profitenda
1321 997 1521 1052 putabas,

208 1065 257 1087 130
336 1055 517 1108 Propter
549 1070 654 1109 quae
686 1055 809 1095 nobis
841 1055 932 1108 ipse
963 1055 1169 1108 petendus
1203 1054 1325 1095 eras?

277 1112 439 1167 Cogere
473 1128 546 1153 6111·
578 1113 720 1166 potius
755 1127 881 1165 quam
913 1113 1164 1166 persuadere
1196 1113 1388 1166 volebas,

335 1172 379 1211 Si
411 1174 604 1224 poteram
637 1171 783 1211 audita
814 1170 1061 1211 condicione
1096 1170 1218 1223 capi?

276 1230 386 1278 Quid
417 1229 498 1269 tibi
529 1243 641 1269 1111116
673 1229 846 1282 prodest
877 1228 1044 1268 iurandi
1076 1228 1261 1268 formula
1291 1228 1396 1269 iuris

333 1288 584 1341 Linguaque
615 1290 883 1340 praesentem
915 1287 1146 1327 testificata
1178 1287 1328 1327 deam?

206 1354 255 1377 135
277 1345 391 1393 Quae
424 1346 555 1398 iurat,
588 1359 706 1385 mens
739 1348 820 1385 est:
850 1344 912 1384 nil
944 1344 1257 1385 coniuravimus
1289 1344 1380 1399 illa3

333 1404 413 1443 Illa
444 1403 571 1443 fidem
605 1403 728 1443 dictis
762 1403 912 1443 addere
946 1403 1036 1443 sola
1067 1406 1221 1456 potest.

276 1461 531 1512 [Consilium
563 1461 831 1514 prudensque
865 1460 995 1501 animi
1027 1461 1238 1501 sententia
1271 1460 1403 1514 iurat,

332 1520 389 1559 Et
420 1519 504 1559 nisi
535 1518 682 1559 iudicii
714 1519 882 1559 vincula
913 1519 1031 1559 nulla
1063 1519 1235 1569 valent]

275 1576 319 1617 Si
351 1577 431 1617 tibi
463 1576 709 1629 coniugium
741 1577 855 1617 volui
886 1577 1138 1630 promittere
1169 1579 1384 1631 nostrum,

205 1644 255 1667 140
334 1635 470 1689 Exige
502 1635 685 1688 polliciti
718 1634 863 1675 debita
893 1634 987 1674 iura
1019 1634 1122 1674 tori!

274 1692 355 1733 Sed
389 1695 424 1733 si
456 1693 516 1732 nil
550 1693 742 1732 dedimus
774 1695 942 1746 praeter
975 1692 1065 1732 sine
1096 1695 1268 1745 pectore
1300 1706 1466 1747 vocem,

330 1751 473 1791 Verba
506 1750 594 1791 suis
626 1750 786 1790 frustra
816 1750 978 1790 viribus
1012 1750 1116 1790 orba
1147 1753 1277 1791 tenes.

272 1808 371 1849 Non
403 1823 481 1863 ego
514 1808 669 1862 iuravi3
700 1808 785 1862 legi
817 1808 1003 1848 iurantia
1034 1809 1179 1848 verba:

330 1867 408 1907 Vir
440 1866 545 1907 mihi
577 1881 664 1906 non
694 1866 778 1907 isto
812 1880 928 1906 more
960 1866 1162 1920 legendus
1196 1880 1299 1906 eras.

203 1932 251 1956 145
272 1924 429 1978 Decipe
462 1925 522 1965 sic
554 1925 676 1978 alias3
709 1924 906 1965 succedat
938 1924 1119 1977 epistula
1150 1925 1294 1977 pomo!

331 1981 375 2022 Si
411 1983 520 2023 valet
550 1983 650 2035 1106,
681 1996 857 2037 magnas
891 1982 1050 2022 ditibus
1083 1982 1201 2023 aufer
1233 1996 1352 2036 opes3

271 2040 356 2080 Fac
387 2041 529 2081 iurent
560 2055 681 2095 reges
715 2055 790 2081 sua
823 2055 865 2080 se
898 2040 979 2080 tibi
1010 2054 1142 2095 regna
1173 2040 1364 2094 daturos,

331 2097 478 2151 Sitque
511 2102 651 2152 tuum,
682 2102 775 2139 toto
809 2098 1012 2151 quidquid
1042 2098 1087 2138 in
1120 2098 1221 2138 orbe
1252 2098 1408 2151 placet!

270 2155 408 2195 Maior
443 2170 486 2195 es
518 2156 599 2197 1106
630 2157 724 2210 ipsa
756 2156 909 2209 multo,
942 2156 1046 2196 mihi
1080 2156 1218 2210 crede,
1249 2155 1406 2211 Diana,

202 2225 251 2249 150
331 2213 375 2253 Si
408 2217 483 2253 tua
514 2217 603 2254 tam
634 2228 832 2268 praesens
865 2214 1009 2254 littera
1039 2228 1196 2254 numen
1227 2214 1367 2254 habet.

272 2270 379 2311 Cum
412 2274 554 2311 tamen
585 2272 688 2312 haec
721 2272 825 2325 dixi,
857 2287 953 2312 cum
985 2286 1051 2312 me
1083 2271 1164 2312 tibi
1195 2272 1318 2312 firma
1348 2271 1520 2327 negavi,

331 2328 438 2370 Cum
469 2329 575 2369 bene
606 2330 806 2382 promissi
839 2345 966 2370 eausa
996 2333 1167 2384 peracta
1199 2329 1341 2383 meist⁷
