1690 2656
651 688 1143 744 EPISTULAE.

433 837 483 883 P.
523 836 694 883 OVIDI
733 837 1004 884 NASONIS
1042 836 1369 886 HEROIDES.

691 948 942 983 PENELOPE
969 949 1108 984 ULIXI.

179 1037 205 1072 I.
226 1033 348 1074 Hanc
380 1036 455 1073 tua
485 1032 696 1087 Penelope
727 1033 845 1074 lento
877 1032 959 1073 tibi
992 1033 1146 1087 mittit7
1178 1032 1322 1088 Ulixe3

285 1090 359 1132 Nil
391 1091 497 1131 mihi
529 1092 758 1145 rescribas,
790 1094 833 1131 at
864 1093 1009 1131 tamen
1040 1092 1130 1145 ipse
1162 1092 1274 1132 veni!

226 1149 354 1190 Troia
385 1150 496 1190 iacet
529 1153 641 1191 certe
674 1149 835 1190 Danais
868 1149 1006 1190 invisa
1031 1149 1202 1203 puellis:

285 1208 369 1249 Vix
400 1207 595 1248 Priamus
628 1208 739 1249 tanti
770 1210 945 1260 totaque
977 1207 1104 1248 Troia
1135 1208 1228 1248 fuit.

191 1277 206 1302 5
228 1265 261 1307 O
295 1266 459 1307 utinam
491 1269 603 1320 tum,
634 1281 731 1307 cum
761 1265 1083 1306 Lacedaemona
1115 1266 1249 1307 classe
1280 1266 1474 1321 petebat,

286 1324 475 1365 Obrutus
506 1324 669 1365 insanis
702 1327 814 1365 esset
847 1323 1012 1364 adulter
1045 1324 1183 1377 aquis!

225 1381 325 1423 Non
356 1396 435 1437 ego
469 1383 634 1423 deserto
666 1382 894 1423 iacuissem
925 1382 1082 1436 frigida
1113 1382 1243 1437 lecto,

283 1440 383 1481 Non
415 1455 612 1494 quererer
643 1441 788 1481 tardos
819 1441 881 1480 ire
914 1440 1064 1481 relicta
1095 1441 1202 1495 dies‚

224 1498 314 1540 Nec
347 1498 452 1539 mihi
486 1499 706 1552 quaerenti
739 1499 973 1553 spatiosam
1004 1498 1151 1539 fallere
1182 1501 1351 1540 noctem

175 1569 205 1593 ιο
283 1557 506 1598 Lassasset
538 1557 686 1598 viduas
717 1556 902 1610 pendula
932 1555 1020 1596 tela
1050 1570 1212 1596 manus.

224 1615 400 1664 Quando
434 1629 513 1670 ego
545 1630 633 1656 non
664 1615 789 1656 timui
822 1614 1018 1670 graviora
1047 1615 1237 1669 pericula
1268 1615 1408 1656 veris?

281 1674 366 1715 Res
399 1677 463 1714 est
496 1673 669 1715 solliciti
701 1674 827 1727 plena
859 1673 1028 1713 timoris
1062 1688 1192 1714 amor.

224 1732 273 1773 In
304 1736 346 1773 te
378 1732 594 1787 fingebam
625 1731 836 1773 violentos
868 1731 1000 1772 Troas
1032 1731 1188 1785 ituros,

280 1790 466 1832 Nomine
495 1790 542 1831 in
573 1789 787 1832 Hectoreo
819 1789 978 1843 pallida
1011 1804 1176 1844 semper
1208 1804 1341 1844 eram3

171 1859 202 1884 15
224 1848 320 1890 Sive
353 1849 447 1902 quis
480 1848 760 1890 Antilochum
791 1849 994 1888 narrabat
1026 1849 1077 1889 ab
1110 1848 1296 1889 Hectore
1328 1848 1506 1902 victum,

280 1907 537 1948 Antilochus
569 1907 707 1948 nostri
740 1921 867 1948 causa
899 1906 1066 1947 timoris
1100 1909 1207 1961 erat3

225 1964 320 2006 Sive
353 1965 651 2006 Menoetiaden
681 1965 800 2006 falsis
834 1964 1035 2006 cecidisse
1068 1965 1146 2005 sub
1179 1964 1327 2019 armis,

282 2023 459 2064 Flebam
492 2038 689 2065 successu
721 2037 846 2077 posse
880 2038 1020 2064 carere
1054 2023 1191 2077 dolos3

225 2080 440 2135 Sanguine
472 2081 744 2135 Tlepolemus
776 2081 953 2135 Lyciam
984 2081 1242 2135 tepefecerat
1272 2081 1459 2122 hastam:

170 2150 203 2175 20
282 2139 517 2193 Tlepolemi
548 2140 634 2180 leto
668 2155 770 2181 cura
800 2143 957 2180 novata
986 2142 1140 2193 meast3

222 2197 435 2250 Denique,
468 2197 658 2250 quisquis
692 2200 783 2238 erat
816 2197 967 2239 castris
999 2197 1219 2252 iugulatus
1250 2197 1446 2251 Achivis,

281 2255 498 2310 Frigidius
532 2255 666 2309 glacie
698 2259 846 2309 pectus
879 2255 1062 2296 amantis
1096 2258 1197 2296 erat.

225 2312 306 2354 Sed
338 2313 443 2354 bene
476 2313 691 2354 consuluit
723 2316 842 2354 casto
875 2314 976 2354 deus
1009 2328 1166 2367 aequus
1201 2313 1351 2354 amori:

281 2371 460 2412 Versast
492 2371 537 2411 in
569 2371 729 2412 cineres
763 2371 923 2425 sospite
954 2371 1084 2412 Troia
1114 2372 1216 2412 viro.
