1622 2672
203 685 255 725 In
281 685 564 739 comparanda
588 699 700 725 nova
730 685 809 725 hac
843 685 1078 726 carminum
1110 685 1416 727 amatoriorum

89 743 211 784 Ovidi
241 746 282 784 et
308 743 603 798 Epistularum
635 743 818 784 editione
850 743 893 783 id
924 744 1106 784 maxime
1139 744 1338 798 spectavi,
1368 747 1416 784 ut

89 806 130 843 et
157 817 217 856 ea,
243 816 348 855 quae
375 805 496 842 tanto
521 816 617 843 cum
637 800 759 842 Ovidi
780 801 844 841 sui
865 801 1150 842 emolumento
1171 802 1220 843 R.
1241 802 1417 855 Merkel,

89 874 172 914 quo
203 860 294 901 viro
327 860 574 901 doctissimo
605 874 730 900 nemo
756 862 899 913 posti
879 859 932 900 N.
951 859 1177 901 Heinsium
1209 861 1257 901 de
1289 864 1418 925 poeta.

88 918 292 973 Paeligno
335 918 485 958 melius
529 918 702 971 meruit,
745 918 798 958 ad
839 917 1145 959 restituendam
1189 919 1417 973 genuinam

88 991 287 1018 versuum
307 975 612 1017 Ovidianorum
631 976 813 1017 formam
832 976 1046 1017 tralaticia
1072 977 1253 1031 quadam
1279 977 1416 1031 specie

89 1035 252 1076 tamdiu
278 1035 569 1075 oblitteratam
595 1049 681 1075 non
711 1034 849 1075 solum
879 1035 1042 1088 primus
1073 1035 1141 1076 via
1173 1050 1220 1076 ac
1252 1035 1416 1076 ratione

90 1094 162 1134 sed
189 1093 317 1134 etiam
343 1093 613 1134 exactissimo
644 1092 801 1133 iudicio
835 1093 1097 1147 adhibuerat,
1125 1093 1217 1147 ipse
1249 1108 1416 1148 quoque

90 1152 332 1193 adhibeiem
358 1154 484 1206 atque
511 1151 547 1192 31
573 1166 680 1204 quae
704 1151 776 1192 ille
800 1151 1170 1206 praetermisisset,
1195 1152 1417 1206 explerem,

90 1214 131 1251 et
169 1225 234 1263 ea,
275 1224 380 1263 quae
417 1213 515 1263 post
553 1209 781 1250 editionem
820 1209 908 1250 eius
946 1224 1057 1250 nova
1094 1214 1356 1252 accesserant
1394 1225 1418 1251 a

91 1268 306 1310 codicibus
333 1268 660 1321 criticorumque
693 1268 845 1308 studiis
877 1268 1184 1309 emendationis
1218 1269 1417 1323 subsidia,

92 1341 220 1380 quam
245 1326 562 1367 accuratissime
589 1329 631 1366 et
657 1341 783 1379 quam
809 1326 1052 1367 cautissime
1085 1327 1136 1367 ad
1159 1326 1282 1368 Ovidi
1308 1341 1418 1369 com-

90 1385 264 1426 modum
306 1398 514 1437 usumque
558 1387 864 1438 converterem,
906 1399 983 1448 pro
1021 1385 1133 1425 111111
1169 1389 1290 1439 parte
1326 1386 1416 1450 ipse

92 1442 330 1495 conferens,
368 1457 473 1496 quae
511 1442 616 1482 mihi
648 1442 763 1483 visus
796 1457 931 1483 essem
960 1442 1183 1483 invenisse.
1244 1443 1295 1483 In
1324 1444 1418 1498 ipsa

92 1504 234 1542 autem
270 1500 463 1542 codicum
500 1515 677 1541 censura
714 1504 840 1554 atque
878 1501 1174 1541 aestimatione
1206 1516 1302 1542 cum
1331 1516 1418 1542 non

90 1558 331 1611 habuerim,
362 1573 435 1600 cur
467 1573 491 1598 a
521 1557 571 1598 R.
602 1558 806 1599 Merkelio
840 1559 1064 1613 discedam,
1095 1559 1417 1601 fimclamentum

91 1617 348 1659 recensionis
399 1617 607 1658 Amorum
662 1617 957 1671 Epistularum
1011 1617 1130 1658 Artis
1186 1619 1417 1659 amatoriae

90 1675 391 1717 Remediorum
432 1675 479 1715 in
521 1675 677 1716 eisdem
725 1678 849 1729 atque
895 1675 966 1716 ille
1015 1676 1139 1729 posui
1185 1676 1416 1732 codicibus3

94 1737 191 1776 sunt
222 1737 365 1774 autem
394 1733 456 1773 hi:

209 1792 230 1832 I
273 1791 493 1832 Parisinus
526 1792 640 1833 8242
673 1790 706 1831 Ρ
739 1791 1014 1842 (Ρ11133113113)
1054 1792 1255 1846 scriptus,
1293 1793 1327 1833 si
1364 1793 1416 1834 H.

92 1850 256 1891 Keilius
283 1852 324 1890 et
348 1849 401 1890 H.
423 1849 482 1891 St.
505 1848 749 1903 Sedlmayer
775 1854 887 1891 recte
919 1850 1120 1903 iudicant,
1152 1851 1318 1892 saeculo
1344 1851 1418 1906 IX,

94 1909 129 1950 31
154 1909 204 1949 Α.
223 1907 411 1948 Holdero
444 1909 555 1962 apud
581 1906 624 1949 C.
645 1907 894 1962 Dilt-heyum
920 1906 1107 1962 Cvdippe
1139 1924 1177 1963 p.
1200 1910 1283 1950 134
1315 1910 1416 1951 fides

92 1966 286 2008 habenda
317 1969 394 2021 est,
426 1966 592 2007 saeculo
619 1966 691 2006 XI.
733 1966 921 2007 continet
952 1966 1038 2006 her.
1058 1966 1114 2021 II,
1144 1968 1249 2008 14—
1255 1967 1330 2022 IV,
1348 1970 1417 2009 47.

95 2025 232 2067 104-
237 2024 289 2079 V,
309 2025 374 2066 96.
399 2023 475 2079 VI,
494 2025 605 2065 50—
623 2039 684 2078 ep.
701 2024 816 2077 XIX,
839 2025 931 2065 175.
964 2039 1093 2065 amor.
1113 2025 1146 2079 I,
1165 2026 1204 2079 2,
1223 2026 1336 2067 51—
1340 2026 1418 2080 III,

97 2084 161 2123 12.
188 2083 253 2123 26.
278 2058 348 2137 ⁷14,
373 2058 528 2136 3—l5,
549 2084 585 2123 8.
613 2082 662 2124 cf.
688 2082 740 2122 H.
769 2081 827 2123 St.
850 2080 1093 2137 Sedlmayer
1117 2059 1417 2139 prolegomena

95 2140 242 2182 critica
267 2141 318 2181 ad
342 2140 538 2181 heroidas
560 2139 786 2181 Ovidianas
811 2156 850 2194 p.
874 2142 983 2182 1—3
1009 2144 1050 2182 et
1071 2141 1268 2183 editionis
1287 2143 1417 2197 praef.

93 2215 131 2253 p.
164 2198 291 2253 VIII,
328 2202 522 2239 accurate
561 2199 747 2240 codicem
784 2198 1006 2253 descripsit
1043 2198 1092 2239 R.
1124 2199 1307 2254 Merkel,
1351 2201 1417 2242 cui

93 2260 263 2311 praesto
296 2260 427 2311 erant,
460 2271 565 2310 quae
591 2256 644 2297 H.
666 2256 829 2297 Keilius
862 2257 910 2297 de
943 2271 991 2298 eo
1023 2261 1259 2313 notaverat,
1288 2259 1416 2313 praef.

92 2330 120 2369 P
209 2372 253 2413 II
282 2371 501 2413 Parisinus
536 2373 642 2414 7311
677 2371 715 2412 R
749 2372 949 2428 (Regius)
984 2373 1165 2428 scriptus
1199 2374 1354 2416 saeculi
1380 2374 1417 2415 X

1091 2443 1140 2474 a*
