1690 2656
0 2130 8 2191 ..o-.-

271 171 327 211 22
826 165 1065 201 AMoaUM

227 277 259 302 15
279 265 411 307 Nulla
444 264 682 319 Sophocleo
715 262 856 303 veniet
886 262 1052 303 iactura
1085 260 1312 315 cothurno,

335 322 443 365 Cum
476 323 564 364 sole
597 326 639 363 et
670 322 771 362 luna
804 334 970 374 semper
1001 319 1161 360 Aratus
1195 319 1292 374 erit,

273 382 390 424 Dum
421 382 551 423 fallax
584 393 747 433 servus,
779 378 908 419 durus
939 381 1080 432 pater,
1109 377 1293 432 inproba
1322 377 1419 419 lena

334 440 492 482 Vivent
524 442 566 480 et
597 437 799 479 meretrix
829 437 1003 491 blanda,
1033 436 1290 477 Menandros
1324 436 1422 491 erit,

275 499 441 541 Ennius
475 500 564 539 arte
598 510 744 538 carens
778 495 1043 549 animosique
1075 494 1233 536 Accius
1267 494 1352 536 oris

224 568 257 593 20
336 557 545 599 Casurum
576 555 694 596 nullo
728 557 919 609 tempore
950 568 1108 595 nomen
1138 553 1309 594 liabent.

277 616 514 657 Varronem
545 614 812 668 primamque
845 615 981 653 ratem
1015 627 1121 666 quae
1152 612 1314 653 nesciet
1347 615 1483 666 aetas,

332 673 559 726 Aureaque
590 671 779 713 Aesonio
812 674 935 726 terga
966 671 1103 725 petita
1135 670 1260 711 duci‘?

276 731 475 773 Carmina
509 730 705 772 sublimis
737 733 840 772 tunc
873 732 971 770 sunt
1004 729 1195 784 peritura
1225 728 1417 783 Lucreti,

337 790 483 831 Exitio
516 793 652 831 terras
687 804 784 830 cum
816 788 935 829 dabit
968 803 1052 829 una
1085 788 1191 842 dies,

226 859 258 885 25
279 850 452 904 Tityrus
486 851 528 889 et
561 850 726 903 segetes
759 847 1005 901 Aeneiaque
1039 861 1155 887 arma
1187 846 1404 901 legentur,

336 909 473 949 Roma
505 905 761 960 triumphati
793 906 893 946 dum
925 908 1052 960 caput
1086 904 1202 945 orbis
1235 904 1332 958 erit,

276 967 424 1008 Donec
458 968 583 1006 erunt
612 964 735 1019 ignes
768 978 973 1017 arcusque
1007 962 1229 1017 Cupidinis
1262 978 1398 1017 arma,

334 1025 565 1066 Discentur
596 1022 780 1077 numeri,
812 1022 924 1064 culte
956 1021 1142 1075 Tibulle,
1173 1021 1256 1076 tui3

278 1083 426 1125 Gallus
458 1085 500 1123 et
531 1081 752 1135 Hesperiis
786 1084 827 1122 et
860 1080 1008 1122 Gallus
1040 1083 1168 1121 notus
1200 1080 1323 1134 Eois,

225 1152 258 1177 30
337 1142 395 1183 Et
427 1156 504 1182 sua
536 1155 632 1181 cum
665 1139 788 1180 Gallo
819 1142 923 1180 nota
954 1138 1131 1193 Lycoris
1165 1138 1256 1179 erit.

278 1201 416 1255 Ergo,
448 1214 544 1240 cum
577 1198 735 1252 silices,
766 1212 863 1239 cum
896 1197 997 1238 dens
1029 1197 1234 1251 patientis
1267 1197 1399 1238 aratri

337 1259 582 1312 Depereant
615 1271 737 1310 aevo,
769 1256 957 1297 carmina
988 1258 1126 1296 morte
1160 1258 1322 1296 carent:

279 1316 442 1358 Cedant
475 1315 736 1357 carminibus
770 1329 891 1369 reges
924 1328 1157 1369 regumque
1190 1313 1416 1368 triumphi,

339 1374 472 1416 Cedat
505 1378 546 1414 et
580 1372 753 1414 auriferi
785 1373 879 1427 ripa
910 1372 1097 1427 benigna
1128 1372 1252 1427 Tagi!

225 1443 258 1468 35
277 1433 394 1475 Vilia
425 1432 605 1474 miretur
635 1432 808 1487 vulgus,
840 1431 945 1472 mihi
977 1431 1112 1472 flavus
1144 1431 1302 1484 Apollo

336 1492 497 1533 Pocula
530 1489 719 1531 Castalia
749 1490 875 1544 plena
907 1489 1122 1530 ministret
1154 1504 1281 1544 aqua,

280 1550 609 1603 Sustineamque
642 1563 763 1590 coma
795 1550 1058 1589 metuentem
1089 1547 1253 1602 frigora
1283 1551 1472 1602 myrtum

337 1610 480 1662 Atque
511 1608 574 1649 ita
607 1607 791 1648 sollicito
825 1606 986 1647 multus
1019 1609 1188 1647 amante
1220 1606 1357 1661 legar!

277 1667 475 1709 Pascitur
506 1667 552 1707 in
582 1665 690 1707 vivis
722 1665 869 1720 Livor,
900 1668 999 1719 post
1031 1664 1121 1705 fata
1154 1664 1352 1719 quiescit,

226 1736 259 1761 40
338 1724 446 1767 Cum
479 1739 580 1766 suus
613 1739 663 1765 ex
694 1724 849 1765 merito
883 1737 1091 1777 quemque
1124 1726 1268 1764 tuetur
1299 1723 1447 1764 honos.

279 1785 395 1839 Ergo
430 1784 560 1825 etiam
592 1798 688 1824 cum
720 1797 786 1823 me
820 1796 1042 1836 supremus
1077 1781 1265 1822 adederit
1295 1781 1430 1837 ignis,

336 1843 512 1896 Vivam,
543 1856 726 1896 parsque
758 1841 841 1882 mei
874 1840 1010 1882 multa
1042 1843 1258 1894 superstes
1291 1840 1382 1881 erit.

632 1983 852 2029 LIBER
891 1981 1269 2029 SECUNDUS.

228 2078 253 2113 Ι.
280 2074 374 2115 Hoc
408 2088 576 2128 quoque
609 2074 816 2128 conposui
848 2073 1066 2128 Paelignis
1097 2075 1226 2114 natus
1260 2073 1449 2127 aquosis,

338 2132 415 2172 Ille
448 2146 527 2186 ego
560 2132 775 2185 nequitiae
808 2131 927 2173 Naso
959 2135 1087 2186 poeta
1119 2146 1255 2185 meae,
1418 2131 1622 2183 [severaffl

278 2190 373 2231 Hoc
416 2204 584 2243 quoque
622 2190 748 2231 iussit
787 2192 938 2231 Amor:
982 2190 1132 2244 procul
1170 2190 1288 2244 hinc,
1330 2190 1480 2244 procul
1518 2192 1624 2232 este.

338 2248 438 2289 Non
471 2248 574 2288 estis
607 2248 764 2289 teneris
798 2252 898 2302 apta
930 2249 1097 2290 theatra
1130 2248 1279 2289 modis.

245 2319 260 2343 5
279 2306 348 2348 Me
380 2307 498 2361 legat
530 2306 576 2346 in
607 2307 753 2359 sponsi
785 2307 893 2347 facie
925 2321 1012 2347 non
1043 2306 1201 2361 frigida
1231 2306 1354 2361 virgo

338 2365 397 2406 Et
428 2364 545 2405 rudis
578 2364 729 2419 ignoto
762 2367 903 2405 tactus
937 2379 1079 2406 amore
1111 2379 1234 2419 puer3
