<?xml version="1.0" encoding="UTF-8"?>
<!DOCTYPE html PUBLIC "-//W3C//DTD XHTML 1.0 Transitional//EN"
    "http://www.w3.org/TR/xhtml1/DTD/xhtml1-transitional.dtd">
<html xmlns="http://www.w3.org/1999/xhtml" xml:lang="en" lang="en">
 <head>
  <title>
</title>
<meta http-equiv="Content-Type" content="text/html;charset=utf-8" />
  <meta name='ocr-system' content='tesseract 3.04.00' />
  <meta name='ocr-capabilities' content='ocr_page ocr_carea ocr_par ocr_line ocrx_word'/>
</head>
<body>
  <div class='ocr_page' id='page_1' title='image "./operaovid03oviduoft_0152.png"; bbox 0 0 1690 2656; ppageno 0'>
   <div class='ocr_carea' id='block_1_1' title="bbox 253 154 1067 196">
    <p class='ocr_par' dir='ltr' id='par_1_1' title="bbox 253 154 1067 196">
     <span class='ocr_line' id='line_1_1' title="bbox 253 154 1067 196; baseline -0.007 0"><span class='ocrx_word' id='word_1_1' title='bbox 253 154 338 196; x_wconf 89' lang='lat' dir='ltr'>lOO</span> <span class='ocrx_word' id='word_1_2' title='bbox 772 156 1067 191; x_wconf 85' lang='lat' dir='ltr'>HEROIDES.</span> 
     </span>
    </p>
   </div>
   <div class='ocr_carea' id='block_1_2' title="bbox 179 249 1594 2229">
    <p class='ocr_par' dir='ltr' id='par_1_2' title="bbox 181 249 1594 1517">
     <span class='ocr_line' id='line_1_2' title="bbox 251 249 1594 306; baseline 0.001 -15"><span class='ocrx_word' id='word_1_3' title='bbox 251 249 401 305; x_wconf 79' lang='lat' dir='ltr'>Parce,</span> <span class='ocrx_word' id='word_1_4' title='bbox 436 266 604 306; x_wconf 82' lang='lat' dir='ltr'><strong>precor,</strong></span> <span class='ocrx_word' id='word_1_5' title='bbox 643 251 805 305; x_wconf 85' lang='lat' dir='ltr'>domui,</span> <span class='ocrx_word' id='word_1_6' title='bbox 843 265 950 305; x_wconf 89' lang='lat' dir='ltr'>quae</span> <span class='ocrx_word' id='word_1_7' title='bbox 983 265 1026 292; x_wconf 88' lang='lat' dir='ltr'>se</span> <span class='ocrx_word' id='word_1_8' title='bbox 1058 251 1139 292; x_wconf 86' lang='lat' dir='ltr'>tibi</span> <span class='ocrx_word' id='word_1_9' title='bbox 1176 252 1309 293; x_wconf 88' lang='lat' dir='ltr'>tradit</span> <span class='ocrx_word' id='word_1_10' title='bbox 1339 252 1594 293; x_wconf 87' lang='lat' dir='ltr'>habendam!</span> 
     </span>
     <span class='ocr_line' id='line_1_3' title="bbox 311 308 1363 363; baseline 0.002 -14"><span class='ocrx_word' id='word_1_11' title='bbox 311 308 433 357; x_wconf 81' lang='lat' dir='ltr'>Quod</span> <span class='ocrx_word' id='word_1_12' title='bbox 465 310 626 350; x_wconf 81' lang='lat' dir='ltr'>crimen</span> <span class='ocrx_word' id='word_1_13' title='bbox 657 309 762 350; x_wconf 90' lang='lat' dir='ltr'>dicis</span> <span class='ocrx_word' id='word_1_14' title='bbox 794 312 963 363; x_wconf 86' lang='lat' dir='ltr'>praeter</span> <span class='ocrx_word' id='word_1_15' title='bbox 996 324 1161 350; x_wconf 88' lang='lat' dir='ltr'>amasse</span> <span class='ocrx_word' id='word_1_16' title='bbox 1193 310 1363 351; x_wconf 80' lang='lat' dir='ltr'>meum?</span> 
     </span>
     <span class='ocr_line' id='line_1_4' title="bbox 183 366 1516 423; baseline 0.002 -16"><span class='ocrx_word' id='word_1_17' title='bbox 183 377 231 402; x_wconf 83' lang='lat'>165</span> <span class='ocrx_word' id='word_1_18' title='bbox 252 366 352 408; x_wconf 91' lang='lat' dir='ltr'>Non</span> <span class='ocrx_word' id='word_1_19' title='bbox 384 381 463 422; x_wconf 89' lang='lat' dir='ltr'>ego</span> <span class='ocrx_word' id='word_1_20' title='bbox 497 383 590 408; x_wconf 88' lang='lat' dir='ltr'>sum</span> <span class='ocrx_word' id='word_1_21' title='bbox 622 367 781 408; x_wconf 87' lang='lat' dir='ltr'>Phthia</span> <span class='ocrx_word' id='word_1_22' title='bbox 812 367 1064 423; x_wconf 71' lang='lat' dir='ltr'>magnisque</span> <span class='ocrx_word' id='word_1_23' title='bbox 1098 368 1277 409; x_wconf 89' lang='lat' dir='ltr'>oriunda</span> <span class='ocrx_word' id='word_1_24' title='bbox 1306 368 1516 422; x_wconf 80' lang='lat' dir='ltr'>Mycenis,</span> 
     </span>
     <span class='ocr_line' id='line_1_5' title="bbox 309 425 1373 481; baseline 0.001 -15"><span class='ocrx_word' id='word_1_25' title='bbox 309 425 399 466; x_wconf 89' lang='lat' dir='ltr'>Nec</span> <span class='ocrx_word' id='word_1_26' title='bbox 433 428 645 466; x_wconf 83' lang='lat' dir='ltr'>steterunt</span> <span class='ocrx_word' id='word_1_27' title='bbox 675 426 722 466; x_wconf 88' lang='lat' dir='ltr'>in</span> <span class='ocrx_word' id='word_1_28' title='bbox 752 429 794 466; x_wconf 88' lang='lat' dir='ltr'>te</span> <span class='ocrx_word' id='word_1_29' title='bbox 826 426 974 479; x_wconf 82' lang='lat' dir='ltr'>virque</span> <span class='ocrx_word' id='word_1_30' title='bbox 1005 429 1211 481; x_wconf 89' lang='lat' dir='ltr'>paterque</span> <span class='ocrx_word' id='word_1_31' title='bbox 1243 441 1373 467; x_wconf 87' lang='lat' dir='ltr'>meus.</span> 
     </span>
     <span class='ocr_line' id='line_1_6' title="bbox 252 482 1426 539; baseline 0.002 -16"><span class='ocrx_word' id='word_1_32' title='bbox 252 482 297 524; x_wconf 83' lang='lat' dir='ltr'>Si</span> <span class='ocrx_word' id='word_1_33' title='bbox 330 484 458 537; x_wconf 87' lang='lat' dir='ltr'>pudet</span> <span class='ocrx_word' id='word_1_34' title='bbox 489 484 654 539; x_wconf 79' lang='lat' dir='ltr'>uxoris,</span> <span class='ocrx_word' id='word_1_35' title='bbox 684 498 773 525; x_wconf 86' lang='lat' dir='ltr'>non</span> <span class='ocrx_word' id='word_1_36' title='bbox 802 487 954 538; x_wconf 86' lang='lat' dir='ltr'>nupta,</span> <span class='ocrx_word' id='word_1_37' title='bbox 987 485 1059 525; x_wconf 91' lang='lat' dir='ltr'>sed</span> <span class='ocrx_word' id='word_1_38' title='bbox 1089 485 1263 539; x_wconf 87' lang='lat' dir='ltr'>hospita</span> <span class='ocrx_word' id='word_1_39' title='bbox 1294 485 1426 526; x_wconf 89' lang='lat' dir='ltr'>dicar:</span> 
     </span>
     <span class='ocr_line' id='line_1_7' title="bbox 309 541 1295 597; baseline 0.002 -15"><span class='ocrx_word' id='word_1_40' title='bbox 309 541 424 582; x_wconf 88' lang='lat' dir='ltr'>Dum</span> <span class='ocrx_word' id='word_1_41' title='bbox 456 545 530 583; x_wconf 87' lang='lat' dir='ltr'>tua</span> <span class='ocrx_word' id='word_1_42' title='bbox 562 543 636 597; x_wconf 81' lang='lat' dir='ltr'>sit,</span> <span class='ocrx_word' id='word_1_43' title='bbox 668 542 779 583; x_wconf 91' lang='lat' dir='ltr'>Dido</span> <span class='ocrx_word' id='word_1_44' title='bbox 813 543 1022 597; x_wconf 85' lang='lat' dir='ltr'>quidlibet</span> <span class='ocrx_word' id='word_1_45' title='bbox 1054 557 1145 584; x_wconf 89' lang='lat' dir='ltr'>esse</span> <span class='ocrx_word' id='word_1_46' title='bbox 1177 543 1295 584; x_wconf 88' lang='lat' dir='ltr'>feret.</span> 
     </span>
     <span class='ocr_line' id='line_1_8' title="bbox 250 599 1400 656; baseline 0.002 -16"><span class='ocrx_word' id='word_1_47' title='bbox 250 599 368 640; x_wconf 90' lang='lat' dir='ltr'>Nota</span> <span class='ocrx_word' id='word_1_48' title='bbox 399 600 505 641; x_wconf 86' lang='grc'>1111111</span> <span class='ocrx_word' id='word_1_49' title='bbox 537 600 648 641; x_wconf 77' lang='lat' dir='ltr'>freta</span> <span class='ocrx_word' id='word_1_50' title='bbox 680 604 779 642; x_wconf 89' lang='lat' dir='ltr'>sunt</span> <span class='ocrx_word' id='word_1_51' title='bbox 811 601 966 642; x_wconf 87' lang='lat' dir='ltr'>Afrum</span> <span class='ocrx_word' id='word_1_52' title='bbox 996 601 1247 656; x_wconf 83' lang='lat' dir='ltr'>plangentia</span> <span class='ocrx_word' id='word_1_53' title='bbox 1277 601 1400 642; x_wconf 88' lang='lat' dir='ltr'>litus:</span> 
     </span>
     <span class='ocr_line' id='line_1_9' title="bbox 182 658 1409 714; baseline 0.001 -15"><span class='ocrx_word' id='word_1_54' title='bbox 182 676 232 699; x_wconf 69' lang='lat'>170</span> <span class='ocrx_word' id='word_1_55' title='bbox 310 658 592 713; x_wconf 81' lang='lat' dir='ltr'>Temporibus</span> <span class='ocrx_word' id='word_1_56' title='bbox 627 659 754 700; x_wconf 88' lang='lat' dir='ltr'>certis</span> <span class='ocrx_word' id='word_1_57' title='bbox 788 659 973 714; x_wconf 80' lang='lat' dir='ltr'>dantque</span> <span class='ocrx_word' id='word_1_58' title='bbox 1004 662 1247 714; x_wconf 83' lang='lat' dir='ltr'>negantque</span> <span class='ocrx_word' id='word_1_59' title='bbox 1279 660 1409 713; x_wconf 75' lang='lat' dir='ltr'>viam3</span> 
     </span>
     <span class='ocr_line' id='line_1_10' title="bbox 252 715 1459 772; baseline 0.001 -15"><span class='ocrx_word' id='word_1_60' title='bbox 252 715 359 757; x_wconf 80' lang='lat' dir='ltr'>Cum</span> <span class='ocrx_word' id='word_1_61' title='bbox 391 717 510 758; x_wconf 88' lang='lat' dir='ltr'>dabit</span> <span class='ocrx_word' id='word_1_62' title='bbox 542 733 645 759; x_wconf 88' lang='lat' dir='ltr'>aura</span> <span class='ocrx_word' id='word_1_63' title='bbox 675 718 807 772; x_wconf 78' lang='lat' dir='ltr'>Viam⁷</span> <span class='ocrx_word' id='word_1_64' title='bbox 838 718 1062 772; x_wconf 82' lang='lat' dir='ltr'>praebebis</span> <span class='ocrx_word' id='word_1_65' title='bbox 1095 718 1272 759; x_wconf 87' lang='lat' dir='ltr'>carbasa</span> <span class='ocrx_word' id='word_1_66' title='bbox 1302 718 1459 759; x_wconf 83' lang='lat' dir='ltr'>ventis:</span> 
     </span>
     <span class='ocr_line' id='line_1_11' title="bbox 309 774 1311 831; baseline 0.001 -16"><span class='ocrx_word' id='word_1_67' title='bbox 309 774 435 816; x_wconf 90' lang='lat' dir='ltr'>Nunc</span> <span class='ocrx_word' id='word_1_68' title='bbox 467 776 572 817; x_wconf 82' lang='lat' dir='ltr'>levis</span> <span class='ocrx_word' id='word_1_69' title='bbox 606 777 785 817; x_wconf 85' lang='lat' dir='ltr'>eiectam</span> <span class='ocrx_word' id='word_1_70' title='bbox 812 776 1003 817; x_wconf 82' lang='lat' dir='ltr'>continet</span> <span class='ocrx_word' id='word_1_71' title='bbox 1035 776 1133 831; x_wconf 85' lang='lat' dir='ltr'>alga</span> <span class='ocrx_word' id='word_1_72' title='bbox 1164 779 1311 817; x_wconf 88' lang='lat' dir='ltr'>ratem.</span> 
     </span>
     <span class='ocr_line' id='line_1_12' title="bbox 250 833 1436 889; baseline 0.001 -15"><span class='ocrx_word' id='word_1_73' title='bbox 250 833 435 888; x_wconf 84' lang='lat' dir='ltr'>Tempus</span> <span class='ocrx_word' id='word_1_74' title='bbox 468 837 516 875; x_wconf 89' lang='lat' dir='ltr'>ut</span> <span class='ocrx_word' id='word_1_75' title='bbox 550 835 791 889; x_wconf 82' lang='lat' dir='ltr'>observem,</span> <span class='ocrx_word' id='word_1_76' title='bbox 823 835 977 875; x_wconf 86' lang='lat' dir='ltr'>manda</span> <span class='ocrx_word' id='word_1_77' title='bbox 1009 834 1131 875; x_wconf 88' lang='lat' dir='ltr'>mihi:</span> <span class='ocrx_word' id='word_1_78' title='bbox 1165 835 1299 876; x_wconf 91' lang='lat' dir='ltr'>serius</span> <span class='ocrx_word' id='word_1_79' title='bbox 1331 834 1436 889; x_wconf 82' lang='lat' dir='ltr'>ibis,</span> 
     </span>
     <span class='ocr_line' id='line_1_13' title="bbox 309 891 1263 947; baseline 0.001 -15"><span class='ocrx_word' id='word_1_80' title='bbox 309 891 399 933; x_wconf 91' lang='lat' dir='ltr'>Nec</span> <span class='ocrx_word' id='word_1_81' title='bbox 431 895 493 947; x_wconf 74' lang='lat' dir='ltr'>te,</span> <span class='ocrx_word' id='word_1_82' title='bbox 525 893 560 933; x_wconf 90' lang='lat' dir='ltr'>si</span> <span class='ocrx_word' id='word_1_83' title='bbox 593 893 756 947; x_wconf 79' lang='lat' dir='ltr'>cupies,</span> <span class='ocrx_word' id='word_1_84' title='bbox 786 893 881 947; x_wconf 88' lang='lat' dir='ltr'>ipsa</span> <span class='ocrx_word' id='word_1_85' title='bbox 912 907 1082 934; x_wconf 87' lang='lat' dir='ltr'>manere</span> <span class='ocrx_word' id='word_1_86' title='bbox 1115 893 1263 934; x_wconf 87' lang='lat' dir='ltr'>sinam.</span> 
     </span>
     <span class='ocr_line' id='line_1_14' title="bbox 182 950 1359 1006; baseline 0.002 -16"><span class='ocrx_word' id='word_1_87' title='bbox 182 965 230 990; x_wconf 73' lang='lat'>175</span> <span class='ocrx_word' id='word_1_88' title='bbox 251 950 309 991; x_wconf 89' lang='lat' dir='ltr'>Et</span> <span class='ocrx_word' id='word_1_89' title='bbox 342 951 446 992; x_wconf 90' lang='lat' dir='ltr'>socii</span> <span class='ocrx_word' id='word_1_90' title='bbox 478 951 668 1005; x_wconf 85' lang='lat' dir='ltr'>requiem</span> <span class='ocrx_word' id='word_1_91' title='bbox 699 956 901 1005; x_wconf 74' lang='lat' dir='ltr'>poscunt,</span> <span class='ocrx_word' id='word_1_92' title='bbox 932 951 1176 1006; x_wconf 80' lang='lat' dir='ltr'>laniataque</span> <span class='ocrx_word' id='word_1_93' title='bbox 1210 951 1359 992; x_wconf 85' lang='lat' dir='ltr'>classis</span> 
     </span>
     <span class='ocr_line' id='line_1_15' title="bbox 308 1008 1207 1065; baseline 0.001 -16"><span class='ocrx_word' id='word_1_94' title='bbox 308 1008 505 1050; x_wconf 87' lang='lat' dir='ltr'>Postulat</span> <span class='ocrx_word' id='word_1_95' title='bbox 537 1010 713 1065; x_wconf 67' lang='lat' dir='ltr'>em&#39;guas</span> <span class='ocrx_word' id='word_1_96' title='bbox 747 1009 1015 1050; x_wconf 84' lang='lat' dir='ltr'>semirefecta</span> <span class='ocrx_word' id='word_1_97' title='bbox 1046 1023 1207 1063; x_wconf 83' lang='lat' dir='ltr'>moras3</span> 
     </span>
     <span class='ocr_line' id='line_1_16' title="bbox 249 1067 1313 1122; baseline -0.001 -14"><span class='ocrx_word' id='word_1_98' title='bbox 249 1067 332 1108; x_wconf 90' lang='lat' dir='ltr'>Pro</span> <span class='ocrx_word' id='word_1_99' title='bbox 366 1067 529 1108; x_wconf 89' lang='lat' dir='ltr'>meritis</span> <span class='ocrx_word' id='word_1_100' title='bbox 562 1071 604 1109; x_wconf 87' lang='lat' dir='ltr'>et</span> <span class='ocrx_word' id='word_1_101' title='bbox 638 1068 760 1121; x_wconf 90' lang='lat' dir='ltr'>siqua</span> <span class='ocrx_word' id='word_1_102' title='bbox 791 1068 872 1108; x_wconf 91' lang='lat' dir='ltr'>tibi</span> <span class='ocrx_word' id='word_1_103' title='bbox 899 1067 1147 1108; x_wconf 86' lang='lat' dir='ltr'>debebimus</span> <span class='ocrx_word' id='word_1_104' title='bbox 1179 1068 1313 1122; x_wconf 75' lang='lat' dir='ltr'>ultro,</span> 
     </span>
     <span class='ocr_line' id='line_1_17' title="bbox 308 1126 1261 1181; baseline 0 -15"><span class='ocrx_word' id='word_1_105' title='bbox 308 1126 391 1166; x_wconf 89' lang='lat' dir='ltr'>Pro</span> <span class='ocrx_word' id='word_1_106' title='bbox 425 1140 498 1180; x_wconf 90' lang='lat' dir='ltr'>spe</span> <span class='ocrx_word' id='word_1_107' title='bbox 532 1126 721 1181; x_wconf 84' lang='lat' dir='ltr'>coniugii</span> <span class='ocrx_word' id='word_1_108' title='bbox 754 1129 948 1180; x_wconf 88' lang='lat' dir='ltr'>tempora</span> <span class='ocrx_word' id='word_1_109' title='bbox 978 1141 1109 1180; x_wconf 83' lang='lat' dir='ltr'>parva</span> <span class='ocrx_word' id='word_1_110' title='bbox 1140 1129 1261 1180; x_wconf 80' lang='lat' dir='ltr'>peto,</span> 
     </span>
     <span class='ocr_line' id='line_1_18' title="bbox 250 1184 1557 1238; baseline 0.001 -14"><span class='ocrx_word' id='word_1_111' title='bbox 250 1184 366 1225; x_wconf 91' lang='lat' dir='ltr'>Dum</span> <span class='ocrx_word' id='word_1_112' title='bbox 397 1184 508 1225; x_wconf 85' lang='lat' dir='ltr'>freta</span> <span class='ocrx_word' id='word_1_113' title='bbox 539 1184 770 1226; x_wconf 88' lang='lat' dir='ltr'>mitescunt</span> <span class='ocrx_word' id='word_1_114' title='bbox 803 1188 845 1225; x_wconf 86' lang='lat' dir='ltr'>et</span> <span class='ocrx_word' id='word_1_115' title='bbox 878 1198 1015 1238; x_wconf 75' lang='lat' dir='ltr'>amor7</span> <span class='ocrx_word' id='word_1_116' title='bbox 1046 1184 1146 1224; x_wconf 88' lang='lat' dir='ltr'>dum</span> <span class='ocrx_word' id='word_1_117' title='bbox 1178 1187 1370 1238; x_wconf 88' lang='lat' dir='ltr'>tempore</span> <span class='ocrx_word' id='word_1_118' title='bbox 1403 1187 1445 1225; x_wconf 90' lang='lat' dir='ltr'>et</span> <span class='ocrx_word' id='word_1_119' title='bbox 1477 1199 1557 1225; x_wconf 89' lang='lat' dir='ltr'>usu</span> 
     </span>
     <span class='ocr_line' id='line_1_19' title="bbox 181 1242 1138 1296; baseline 0 -14"><span class='ocrx_word' id='word_1_120' title='bbox 181 1258 230 1283; x_wconf 66' lang='lat'>180</span> <span class='ocrx_word' id='word_1_121' title='bbox 309 1242 498 1283; x_wconf 85' lang='lat' dir='ltr'>Fortiter</span> <span class='ocrx_word' id='word_1_122' title='bbox 531 1243 671 1284; x_wconf 88' lang='lat' dir='ltr'>edisco</span> <span class='ocrx_word' id='word_1_123' title='bbox 704 1242 848 1283; x_wconf 87' lang='lat' dir='ltr'>tristia</span> <span class='ocrx_word' id='word_1_124' title='bbox 878 1256 1005 1296; x_wconf 91' lang='lat' dir='ltr'>posse</span> <span class='ocrx_word' id='word_1_125' title='bbox 1036 1242 1138 1296; x_wconf 89' lang='lat' dir='ltr'>pati.</span> 
     </span>
     <span class='ocr_line' id='line_1_20' title="bbox 251 1300 1367 1355; baseline 0 -14"><span class='ocrx_word' id='word_1_126' title='bbox 251 1300 295 1342; x_wconf 73' lang='lat' dir='ltr'>Si</span> <span class='ocrx_word' id='word_1_127' title='bbox 328 1301 486 1355; x_wconf 79' lang='lat' dir='ltr'>minus,</span> <span class='ocrx_word' id='word_1_128' title='bbox 518 1304 583 1341; x_wconf 89' lang='lat' dir='ltr'>est</span> <span class='ocrx_word' id='word_1_129' title='bbox 615 1301 782 1341; x_wconf 85' lang='lat' dir='ltr'>animus</span> <span class='ocrx_word' id='word_1_130' title='bbox 813 1300 939 1342; x_wconf 88' lang='lat' dir='ltr'>nobis</span> <span class='ocrx_word' id='word_1_131' title='bbox 972 1300 1185 1341; x_wconf 88' lang='lat' dir='ltr'>effundere</span> <span class='ocrx_word' id='word_1_132' title='bbox 1215 1301 1367 1341; x_wconf 79' lang='lat' dir='ltr'>vitam:</span> 
     </span>
     <span class='ocr_line' id='line_1_21' title="bbox 307 1359 1184 1413; baseline -0.001 -13"><span class='ocrx_word' id='word_1_133' title='bbox 307 1359 358 1399; x_wconf 87' lang='lat' dir='ltr'>In</span> <span class='ocrx_word' id='word_1_134' title='bbox 389 1374 455 1400; x_wconf 88' lang='lat' dir='ltr'>me</span> <span class='ocrx_word' id='word_1_135' title='bbox 489 1359 670 1400; x_wconf 90' lang='lat' dir='ltr'>crudelis</span> <span class='ocrx_word' id='word_1_136' title='bbox 702 1373 790 1399; x_wconf 90' lang='lat' dir='ltr'>non</span> <span class='ocrx_word' id='word_1_137' title='bbox 820 1361 944 1413; x_wconf 90' lang='lat' dir='ltr'>potes</span> <span class='ocrx_word' id='word_1_138' title='bbox 977 1373 1068 1399; x_wconf 92' lang='lat' dir='ltr'>esse</span> <span class='ocrx_word' id='word_1_139' title='bbox 1101 1359 1184 1399; x_wconf 90' lang='lat' dir='ltr'>diu.</span> 
     </span>
     <span class='ocr_line' id='line_1_22' title="bbox 250 1417 1372 1483; baseline 0 -25"><span class='ocrx_word' id='word_1_140' title='bbox 250 1417 474 1471; x_wconf 79' lang='lat' dir='ltr'>Adspicias</span> <span class='ocrx_word' id='word_1_141' title='bbox 506 1417 690 1471; x_wconf 81' lang='lat' dir='ltr'>utinam,</span> <span class='ocrx_word' id='word_1_142' title='bbox 723 1431 830 1483; x_wconf 81' lang='lat' dir='ltr'>quae</span> <span class='ocrx_word' id='word_1_143' title='bbox 863 1417 920 1458; x_wconf 89' lang='lat' dir='ltr'>sit</span> <span class='ocrx_word' id='word_1_144' title='bbox 952 1417 1178 1458; x_wconf 79' lang='lat' dir='ltr'>scribentis</span> <span class='ocrx_word' id='word_1_145' title='bbox 1209 1417 1372 1472; x_wconf 83' lang='lat' dir='ltr'>imago:</span> 
     </span>
     <span class='ocr_line' id='line_1_23' title="bbox 310 1475 1358 1531; baseline 0 -15"><span class='ocrx_word' id='word_1_146' title='bbox 310 1476 564 1530; x_wconf 61' lang='lat' dir='ltr'>Sciibimus</span> <span class='ocrx_word' id='word_1_147' title='bbox 595 1479 637 1517; x_wconf 93' lang='lat' dir='ltr'>et</span> <span class='ocrx_word' id='word_1_148' title='bbox 670 1476 832 1531; x_wconf 85' lang='lat' dir='ltr'>gremio</span> <span class='ocrx_word' id='word_1_149' title='bbox 865 1475 1043 1516; x_wconf 87' lang='lat' dir='ltr'>Troicus</span> <span class='ocrx_word' id='word_1_150' title='bbox 1076 1475 1188 1516; x_wconf 88' lang='lat' dir='ltr'>ensis</span> <span class='ocrx_word' id='word_1_151' title='bbox 1221 1476 1358 1530; x_wconf 85' lang='lat' dir='ltr'>adest,</span> 
     </span>
    </p>

    <p class='ocr_par' dir='ltr' id='par_1_3' title="bbox 179 1510 1546 1700">
     <span class='ocr_line' id='line_1_24' title="bbox 179 1510 1546 1589; baseline 0.002 -16"><span class='ocrx_word' id='word_1_152' title='bbox 179 1548 229 1573; x_wconf 73' lang='lat'>185</span> <span class='ocrx_word' id='word_1_153' title='bbox 248 1534 413 1588; x_wconf 87' lang='lat' dir='ltr'>Perque</span> <span class='ocrx_word' id='word_1_154' title='bbox 447 1510 576 1589; x_wconf 70' lang='lat' dir='ltr'>gena⁷s</span> <span class='ocrx_word' id='word_1_155' title='bbox 607 1535 809 1575; x_wconf 83' lang='lat' dir='ltr'>lacrimae</span> <span class='ocrx_word' id='word_1_156' title='bbox 842 1533 1041 1575; x_wconf 89' lang='lat' dir='ltr'>strictum</span> <span class='ocrx_word' id='word_1_157' title='bbox 1073 1534 1277 1574; x_wconf 85' lang='lat' dir='ltr'>labuntur</span> <span class='ocrx_word' id='word_1_158' title='bbox 1307 1534 1353 1574; x_wconf 91' lang='grc'>111</span> <span class='ocrx_word' id='word_1_159' title='bbox 1384 1548 1546 1588; x_wconf 85' lang='lat' dir='ltr'>ensem,</span> 
     </span>
     <span class='ocr_line' id='line_1_25' title="bbox 309 1592 1395 1647; baseline -0.001 -14"><span class='ocrx_word' id='word_1_160' title='bbox 309 1592 389 1641; x_wconf 82' lang='lat' dir='ltr'>Qui</span> <span class='ocrx_word' id='word_1_161' title='bbox 421 1593 508 1634; x_wconf 90' lang='lat' dir='ltr'>iam</span> <span class='ocrx_word' id='word_1_162' title='bbox 539 1607 616 1647; x_wconf 90' lang='lat' dir='ltr'>pro</span> <span class='ocrx_word' id='word_1_163' title='bbox 648 1592 836 1634; x_wconf 85' lang='lat' dir='ltr'>lacrimis</span> <span class='ocrx_word' id='word_1_164' title='bbox 870 1592 1077 1647; x_wconf 81' lang='lat' dir='ltr'>sanguine</span> <span class='ocrx_word' id='word_1_165' title='bbox 1109 1592 1270 1633; x_wconf 88' lang='lat' dir='ltr'>tinctus</span> <span class='ocrx_word' id='word_1_166' title='bbox 1303 1592 1395 1633; x_wconf 88' lang='lat' dir='ltr'>erit.</span> 
     </span>
     <span class='ocr_line' id='line_1_26' title="bbox 249 1650 1445 1700; baseline 0 -8"><span class='ocrx_word' id='word_1_167' title='bbox 249 1651 385 1700; x_wconf 81' lang='lat' dir='ltr'>Quam</span> <span class='ocrx_word' id='word_1_168' title='bbox 416 1652 523 1692; x_wconf 88' lang='lat' dir='ltr'>bene</span> <span class='ocrx_word' id='word_1_169' title='bbox 556 1651 814 1692; x_wconf 85' lang='lat' dir='ltr'>conveniunt</span> <span class='ocrx_word' id='word_1_170' title='bbox 844 1650 936 1691; x_wconf 87' lang='lat' dir='ltr'>fato</span> <span class='ocrx_word' id='word_1_171' title='bbox 968 1653 1042 1690; x_wconf 89' lang='lat' dir='ltr'>tua</span> <span class='ocrx_word' id='word_1_172' title='bbox 1074 1665 1250 1691; x_wconf 87' lang='lat' dir='ltr'>munera</span> <span class='ocrx_word' id='word_1_173' title='bbox 1279 1652 1445 1692; x_wconf 86' lang='lat' dir='ltr'>nostro!</span> 
     </span>
    </p>

    <p class='ocr_par' dir='ltr' id='par_1_4' title="bbox 181 1708 1591 2229">
     <span class='ocr_line' id='line_1_27' title="bbox 307 1708 1266 1775; baseline -0.001 -25"><span class='ocrx_word' id='word_1_174' title='bbox 307 1710 491 1750; x_wconf 84' lang='lat' dir='ltr'>Instruis</span> <span class='ocrx_word' id='word_1_175' title='bbox 523 1709 702 1775; x_wconf 79' lang='lat' dir='ltr'>inpensa</span> <span class='ocrx_word' id='word_1_176' title='bbox 732 1712 881 1750; x_wconf 91' lang='lat' dir='ltr'>nostra</span> <span class='ocrx_word' id='word_1_177' title='bbox 912 1708 1106 1762; x_wconf 92' lang='lat' dir='ltr'>sepulcra</span> <span class='ocrx_word' id='word_1_178' title='bbox 1136 1708 1266 1750; x_wconf 82' lang='lat' dir='ltr'>brevi.</span> 
     </span>
     <span class='ocr_line' id='line_1_28' title="bbox 249 1767 1407 1822; baseline 0 -14"><span class='ocrx_word' id='word_1_179' title='bbox 249 1767 338 1809; x_wconf 78' lang='lat' dir='ltr'>Nec</span> <span class='ocrx_word' id='word_1_180' title='bbox 370 1782 464 1809; x_wconf 85' lang='lat' dir='ltr'>mea</span> <span class='ocrx_word' id='word_1_181' title='bbox 494 1782 607 1809; x_wconf 85' lang='lat' dir='ltr'>nunc</span> <span class='ocrx_word' id='word_1_182' title='bbox 637 1767 823 1822; x_wconf 88' lang='lat' dir='ltr'>primum</span> <span class='ocrx_word' id='word_1_183' title='bbox 854 1767 1067 1808; x_wconf 85' lang='lat' dir='ltr'>feriuntur</span> <span class='ocrx_word' id='word_1_184' title='bbox 1097 1770 1273 1821; x_wconf 84' lang='lat' dir='ltr'>pectora</span> <span class='ocrx_word' id='word_1_185' title='bbox 1303 1767 1407 1808; x_wconf 85' lang='lat' dir='ltr'>telo:</span> 
     </span>
     <span class='ocr_line' id='line_1_29' title="bbox 181 1825 1236 1867; baseline 0.002 -3"><span class='ocrx_word' id='word_1_186' title='bbox 181 1840 230 1865; x_wconf 85' lang='lat'>190</span> <span class='ocrx_word' id='word_1_187' title='bbox 308 1826 385 1867; x_wconf 89' lang='lat' dir='ltr'>Ille</span> <span class='ocrx_word' id='word_1_188' title='bbox 416 1827 536 1867; x_wconf 86' lang='lat' dir='ltr'>locus</span> <span class='ocrx_word' id='word_1_189' title='bbox 571 1826 685 1867; x_wconf 80' lang='lat' dir='ltr'>saevi</span> <span class='ocrx_word' id='word_1_190' title='bbox 717 1825 870 1866; x_wconf 86' lang='lat' dir='ltr'>vulnus</span> <span class='ocrx_word' id='word_1_191' title='bbox 904 1825 1061 1866; x_wconf 87' lang='lat' dir='ltr'>amoris</span> <span class='ocrx_word' id='word_1_192' title='bbox 1093 1825 1236 1866; x_wconf 90' lang='lat' dir='ltr'>habet.</span> 
     </span>
     <span class='ocr_line' id='line_1_30' title="bbox 250 1884 1591 1939; baseline -0.001 -14"><span class='ocrx_word' id='word_1_193' title='bbox 250 1884 375 1925; x_wconf 78' lang='lat' dir='ltr'>Amia</span> <span class='ocrx_word' id='word_1_194' title='bbox 408 1899 546 1939; x_wconf 67' lang='lat' dir='ltr'>sor70r</span> <span class='ocrx_word' id='word_1_195' title='bbox 581 1899 701 1925; x_wconf 89' lang='lat' dir='ltr'>soror</span> <span class='ocrx_word' id='word_1_196' title='bbox 734 1885 876 1938; x_wconf 76' lang='lat' dir='ltr'>Anna,</span> <span class='ocrx_word' id='word_1_197' title='bbox 912 1898 1030 1924; x_wconf 88' lang='lat' dir='ltr'>meae</span> <span class='ocrx_word' id='word_1_198' title='bbox 1069 1884 1179 1925; x_wconf 88' lang='lat' dir='ltr'>male</span> <span class='ocrx_word' id='word_1_199' title='bbox 1217 1884 1387 1925; x_wconf 90' lang='lat' dir='ltr'>conscia</span> <span class='ocrx_word' id='word_1_200' title='bbox 1426 1884 1591 1939; x_wconf 80' lang='lat' dir='ltr'>culpae,</span> 
     </span>
     <span class='ocr_line' id='line_1_31' title="bbox 307 1942 1310 1984; baseline 0 -1"><span class='ocrx_word' id='word_1_201' title='bbox 307 1942 400 1983; x_wconf 87' lang='lat' dir='ltr'>Iam</span> <span class='ocrx_word' id='word_1_202' title='bbox 432 1943 552 1984; x_wconf 89' lang='lat' dir='ltr'>dabis</span> <span class='ocrx_word' id='word_1_203' title='bbox 583 1943 629 1983; x_wconf 88' lang='grc'>111</span> <span class='ocrx_word' id='word_1_204' title='bbox 661 1943 822 1984; x_wconf 88' lang='lat' dir='ltr'>cineres</span> <span class='ocrx_word' id='word_1_205' title='bbox 854 1942 1006 1983; x_wconf 90' lang='lat' dir='ltr'>ultima</span> <span class='ocrx_word' id='word_1_206' title='bbox 1038 1943 1149 1983; x_wconf 88' lang='lat' dir='ltr'>dona</span> <span class='ocrx_word' id='word_1_207' title='bbox 1181 1956 1310 1983; x_wconf 88' lang='lat' dir='ltr'>meos.</span> 
     </span>
     <span class='ocr_line' id='line_1_32' title="bbox 250 1999 1421 2056; baseline -0.001 -15"><span class='ocrx_word' id='word_1_208' title='bbox 250 2000 340 2041; x_wconf 81' lang='lat' dir='ltr'>Nec</span> <span class='ocrx_word' id='word_1_209' title='bbox 374 2004 626 2056; x_wconf 88' lang='lat' dir='ltr'>consumpta</span> <span class='ocrx_word' id='word_1_210' title='bbox 657 2001 774 2056; x_wconf 84' lang='lat' dir='ltr'>rogis</span> <span class='ocrx_word' id='word_1_211' title='bbox 806 2001 1017 2041; x_wconf 87' lang='lat' dir='ltr'>inscribar</span> <span class='ocrx_word' id='word_1_212' title='bbox 1048 2000 1191 2041; x_wconf 85' lang='lat' dir='ltr'>Elissa</span> <span class='ocrx_word' id='word_1_213' title='bbox 1224 1999 1421 2055; x_wconf 81' lang='lat' dir='ltr'>Sychaei,</span> 
     </span>
     <span class='ocr_line' id='line_1_33' title="bbox 310 2058 1414 2100; baseline 0.001 -2"><span class='ocrx_word' id='word_1_214' title='bbox 310 2058 404 2099; x_wconf 88' lang='lat' dir='ltr'>Hoc</span> <span class='ocrx_word' id='word_1_215' title='bbox 435 2062 580 2100; x_wconf 86' lang='lat' dir='ltr'>tamen</span> <span class='ocrx_word' id='word_1_216' title='bbox 610 2060 657 2100; x_wconf 89' lang='grc'>111</span> <span class='ocrx_word' id='word_1_217' title='bbox 686 2059 841 2100; x_wconf 82' lang='lat' dir='ltr'>tumuli</span> <span class='ocrx_word' id='word_1_218' title='bbox 873 2073 1083 2100; x_wconf 90' lang='lat' dir='ltr'>marmore</span> <span class='ocrx_word' id='word_1_219' title='bbox 1115 2073 1286 2100; x_wconf 83' lang='lat' dir='ltr'>carmen</span> <span class='ocrx_word' id='word_1_220' title='bbox 1318 2058 1414 2099; x_wconf 89' lang='lat' dir='ltr'>erit:</span> 
     </span>
     <span class='ocr_line' id='line_1_34' title="bbox 184 2116 1398 2171; baseline 0.003 -17"><span class='ocrx_word' id='word_1_221' title='bbox 184 2129 233 2155; x_wconf 83' lang='lat'>195</span> <span class='ocrx_word' id='word_1_222' title='bbox 254 2116 471 2157; x_wconf 68' lang='lat' dir='ltr'>‘Praebuit</span> <span class='ocrx_word' id='word_1_223' title='bbox 502 2118 668 2159; x_wconf 78' lang='lat' dir='ltr'>Aeneas</span> <span class='ocrx_word' id='word_1_224' title='bbox 703 2121 745 2158; x_wconf 89' lang='lat' dir='ltr'>et</span> <span class='ocrx_word' id='word_1_225' title='bbox 777 2132 948 2159; x_wconf 85' lang='lat' dir='ltr'>causam</span> <span class='ocrx_word' id='word_1_226' title='bbox 980 2117 1131 2158; x_wconf 89' lang='lat' dir='ltr'>mortis</span> <span class='ocrx_word' id='word_1_227' title='bbox 1163 2120 1206 2158; x_wconf 90' lang='lat' dir='ltr'>et</span> <span class='ocrx_word' id='word_1_228' title='bbox 1238 2131 1398 2171; x_wconf 82' lang='lat' dir='ltr'>ensem3</span> 
     </span>
     <span class='ocr_line' id='line_1_35' title="bbox 311 2175 1176 2229; baseline 0.001 -14"><span class='ocrx_word' id='word_1_229' title='bbox 311 2175 411 2229; x_wconf 88' lang='lat' dir='ltr'>Ipsa</span> <span class='ocrx_word' id='word_1_230' title='bbox 444 2190 519 2216; x_wconf 88' lang='lat' dir='ltr'>sua</span> <span class='ocrx_word' id='word_1_231' title='bbox 550 2177 662 2217; x_wconf 92' lang='lat' dir='ltr'>Dido</span> <span class='ocrx_word' id='word_1_232' title='bbox 696 2176 880 2218; x_wconf 88' lang='lat' dir='ltr'>concidit</span> <span class='ocrx_word' id='word_1_233' title='bbox 911 2191 989 2217; x_wconf 90' lang='lat' dir='ltr'>usa</span> <span class='ocrx_word' id='word_1_234' title='bbox 1020 2175 1176 2216; x_wconf 86' lang='lat' dir='ltr'>manu.’</span> 
     </span>
    </p>
   </div>
  </div>
 </body>
</html>
