1690 2656
240 154 297 195 50
791 152 1033 188 AMORUM

298 248 462 302 Perque
494 263 611 290 meos
644 248 808 290 oculos:
841 250 883 288 et
915 247 1085 289 doluere
1117 249 1216 290 mei!

187 318 219 342 15
240 305 400 359 Dicite,
432 307 491 360 di,
524 307 559 347 si
591 320 666 347 vos
697 306 855 360 inpune
887 305 1098 347 fefellerat
1129 306 1221 361 illa,

297 364 487 406 Alterius
520 364 660 405 meriti
694 378 767 405 cur
799 378 878 419 ego
912 364 1065 405 damna
1096 365 1205 405 tuli?

237 422 297 463 At
329 437 415 463 non
446 422 629 463 invidiae
662 422 783 463 vobis
817 421 1003 476 Cepheia
1034 422 1218 478 virgost,

296 480 379 521 Pro
413 481 522 521 male
553 480 742 522 formosa
773 480 889 521 iussa
920 484 1095 534 parente
1128 481 1266 523 mori?

237 537 336 579 Non
369 538 474 579 satis
507 542 592 592 est,
623 539 735 593 quod
767 553 842 580 vos
873 538 1005 580 habui
1038 539 1127 580 sine
1159 540 1344 594 pondere
1376 541 1520 597 testis,

183 610 216 634 ρο
295 597 353 637 Et
385 611 551 638 mecum
582 597 699 638 lusos
731 597 841 638 ridet
871 597 1010 638 inulta
1041 598 1172 639 deos?

236 654 296 696 Ut
330 669 405 695 sua
436 669 512 709 per
542 658 735 696 nostram
766 655 948 696 redimat
978 655 1165 710 periuria
1194 670 1393 713 poenam,

294 712 484 754 Victima
516 713 717 768 deceptus
750 713 999 768 decipientis
1033 714 1136 755 ero?

234 770 323 811 Aut
356 771 445 811 sine
477 786 521 812 re
552 786 709 813 nomen
740 772 841 813 deus
875 775 940 813 est
970 772 1212 827 frustraque
1244 772 1421 814 timetur

291 829 351 870 Et
383 829 516 870 stulta
546 826 729 884 populos
762 830 1012 872 credulitate
1044 834 1205 885 movet,

181 900 213 924 25
234 887 341 941 Aut,
373 887 506 941 siquis
540 889 640 929 deus
674 892 755 943 est,
786 892 954 930 teneras
988 892 1104 930 amat
1134 889 1207 930 1110
1237 890 1402 944 puellas

292 945 350 986 Et
380 946 562 986 nimium
595 946 707 987 solas
740 947 883 987 omnia
913 961 1039 1001 posse
1071 947 1201 988 iubet.

232 1002 370 1044 Nobis
402 1004 574 1045 fatifero
607 1004 777 1046 Mavors
810 1005 1049 1060 accingitur
1081 1020 1197 1059 ense,

290 1060 382 1102 Nos
413 1063 524 1116 petit
554 1063 715 1104 invicta
746 1062 931 1104 Palladis
963 1063 1088 1104 hasta
1119 1078 1266 1118 manu,

231 1118 369 1160 Nobis
401 1120 608 1162 flexibiles
642 1124 871 1162 curvantur
902 1121 1116 1175 Apollinis
1150 1136 1290 1176 arcus,

179 1191 212 1216 30
291 1178 342 1218 In
372 1192 450 1219 nos
484 1179 571 1220 alta
602 1179 716 1220 Iovis
749 1180 921 1220 dextera
951 1179 1114 1220 fulmen
1144 1180 1292 1235 habet3

230 1235 460 1278 Formosas
493 1237 635 1291 superi
667 1241 864 1278 metuunt
896 1238 1107 1278 offendere
1138 1238 1244 1279 laesi

288 1295 432 1348 Atque
464 1295 598 1350 ultro,
629 1310 736 1349 quae
769 1310 812 1337 se
843 1309 931 1336 11011
961 1296 1160 1350 timuere,
1191 1296 1357 1338 timent.

229 1353 287 1393 Et
320 1353 546 1406 quisquam
576 1353 648 1408 pia
679 1357 776 1394 tura
806 1353 914 1395 focis
945 1354 1149 1408 inponere
1182 1355 1332 1396 curat?

288 1410 411 1452 Certe
442 1412 538 1465 plus
571 1412 703 1453 animi
735 1412 860 1454 debet
890 1413 1029 1453 inesse
1061 1412 1175 1454 viris.

175 1483 208 1507 35
228 1469 422 1523 Iuppiter
452 1470 552 1525 igne
585 1485 662 1511 suo
693 1470 812 1512 lucos
843 1471 1055 1512 iaculatur
1087 1474 1129 1511 et
1161 1485 1276 1512 arces

287 1527 503 1581 Missaque
534 1528 726 1582 periuras
759 1529 845 1570 tela
875 1529 1001 1570 ferire
1033 1531 1167 1583 vetat3

229 1585 311 1626 Tot
343 1600 532 1627 meruere
563 1587 669 1641 peti:
703 1585 866 1628 Semele
899 1587 1153 1628 miserabilis
1187 1587 1308 1628 arsit!

287 1643 484 1685 Officiost
514 1644 579 1685 illi
609 1659 748 1699 poena
778 1648 947 1700 reperta
978 1659 1074 1699 811ος

228 1702 287 1743 At
320 1702 355 1743 si
386 1705 566 1744 venturo
600 1717 643 1744 80
676 1703 948 1744 subduxisset
980 1703 1158 1758 amanti,

173 1774 207 1798 40
285 1759 385 1801 Non
415 1764 537 1814 pater
567 1760 613 1802 in
643 1760 812 1802 Baccho
845 1761 994 1803 matris
1026 1761 1204 1803 haberet
1235 1775 1352 1816 opus.

227 1817 336 1866 Quid
368 1833 521 1872 queror
552 1822 595 1860 et
625 1822 719 1860 toto
751 1819 862 1861 facio
894 1820 1085 1861 convicia
1117 1819 1262 1861 caelo?

284 1876 340 1917 Di
374 1874 541 1931 quoque
573 1877 734 1919 habent
759 1878 917 1933 oculos,
949 1878 991 1919 di
1018 1892 1185 1932 quoque
1210 1881 1359 1933 pectus
1385 1879 1562 1921 habent!

228 1933 271 1975 Si
305 1935 405 1975 deus
437 1935 527 1989 ipse
559 1935 714 1991 forem,
743 1950 901 1977 numen
934 1936 1023 1977 sine
1055 1936 1202 1977 fraude
1233 1936 1380 1978 liceret

284 1992 461 2033 Femina
493 1994 686 2035 mendaci
717 1994 884 2036 falleret
917 2008 987 2035 ore
1020 2009 1178 2049 meum3

170 2064 205 2088 45
226 2050 322 2104 Ipse
355 2064 434 2105 ego
466 2051 651 2093 iurarem
682 2067 828 2093 verum
858 2053 999 2093 iurare
1029 2053 1192 2106 puellas

284 2108 342 2149 Et
372 2122 459 2149 non
491 2109 540 2150 de
571 2110 734 2152 tetricis
767 2111 927 2152 dicerer
959 2125 1050 2152 esse
1082 2111 1195 2152 deus.

225 2166 288 2206 Tu
320 2169 464 2207 tamen
493 2166 666 2209 illorum
697 2169 956 2210 moderatius
989 2172 1107 2210 utere
1140 2169 1269 2224 dono,

283 2224 373 2265 Aut
406 2224 539 2266 oculis
573 2230 684 2267 certe
715 2241 858 2282 parce,
888 2227 1047 2282 puella,
1079 2227 1200 2269 meis!
