1674 2662
83 164 227 198 XVIIII.
248 163 358 209 [XX]
379 162 450 198 AC.
471 173 631 198 214-242.
683 162 758 197 XX.
786 162 912 208 [XXI]
939 162 1144 197 CYDIPPE
1175 174 1282 201 1—41.
1340 164 1419 204 167

49 271 65 295 5
85 258 174 300 Nec
206 259 368 299 lectura
398 257 480 311 fui,
511 258 601 312 sed,
633 257 668 298 si
700 258 781 298 tibi
813 258 917 298 dura
948 257 1142 311 fuissem,

143 316 283 358 Aucta
313 316 426 356 foret
458 330 606 356 saevae
638 316 820 356 forsitan
850 315 914 356 ira
946 315 1065 369 deae3

87 374 239 416 Omnia
271 389 366 415 cum
397 374 569 427 faciam,
602 389 698 415 cum
730 375 824 414 dem
854 373 926 427 pia
957 376 1055 414 tura
1085 373 1248 414 Dianae
1257 407 1267 428 ,

144 432 223 473 Illa
255 435 399 473 tamen
430 432 543 472 iusta
575 432 670 485 plus
703 432 784 472 tibi
815 434 935 485 parte
966 431 1101 484 favet,

88 490 230 544 thue
263 490 382 544 cupis
416 490 547 543 credi,
578 490 756 530 memori
787 492 829 530 te
862 489 1048 530 vindicat
1079 489 1159 530 ira:

36 560 69 583 10
147 548 261 588 Talis
292 548 338 588 in
368 547 606 602 Hippolyto
639 548 709 588 vix
739 547 822 588 fuit
852 547 926 588 illa
959 561 1046 588 suo.

88 607 146 647 At
177 605 328 646 melius
360 605 481 660 virgo
514 606 690 646 favisset
721 605 899 660 virginis
933 606 1071 658 annis,

146 663 261 712 Quos
293 678 441 704 vereor
471 678 629 717 paucos
661 678 713 704 ne
744 664 847 705 velit
879 677 970 704 esse
1002 663 1120 704 mihi.

51 722 288 776 *Languor
320 721 432 762 enim
465 722 602 763 causis
634 736 722 762 non
753 721 1056 775 apparentibus
1088 721 1252 774 haeret,

144 780 335 833 Adjuvor
366 783 408 820 et
439 780 556 820 nulla
587 780 699 820 fessa
730 780 938 820 medentis
972 794 1061 833 ope.

35 848 66 873 15
88 837 222 886 Quam
254 838 335 878 tibi
366 852 477 879 nunc
505 838 705 892 gracilem
731 838 800 878 vix
825 838 929 878 haec
955 837 1186 878 rescribere
1214 851 1423 890 quamque

145 895 310 936 Pallida
340 896 411 936 vix
443 896 587 936 cubito
619 896 809 936 membra
839 896 978 936 levare
1010 895 1166 949 putas?

86 952 210 994 Nunc
242 953 372 994 timor
404 953 584 1007 accedit,
614 968 666 994 ne
700 953 793 1006 quis
825 953 909 994 nisi
942 954 1112 994 conscia
1142 952 1287 993 nutrix

145 1009 357 1064 Colloquii
389 1011 514 1052 nobis
547 1012 704 1052 sentiat
736 1025 826 1052 esse
858 1011 983 1052 vices.

87 1069 198 1109 Ante
230 1068 342 1109 fores
370 1069 487 1110 sedet
511 1070 615 1110 haec
642 1069 743 1122 quid
769 1083 977 1124 agamque
1003 1069 1258 1123 rogantibus
1289 1068 1425 1120 intus,

33 1138 67 1162 20
145 1126 204 1167 Ut
234 1127 397 1181 possim
428 1130 523 1168 tuto
556 1127 758 1181 scribere,
789 1127 975 1168 ‘dormit’
1010 1127 1087 1179 ait3

88 1184 206 1237 Mox,
237 1185 329 1236 11111,
361 1185 511 1226 secreti
542 1185 661 1239 longi
694 1200 821 1226 causa
854 1185 1034 1239 optima,
1066 1199 1239 1225 somnus

147 1241 371 1283 Credibilis
403 1243 524 1283 tarda
555 1243 710 1284 desinit
742 1257 834 1284 esse
866 1257 1004 1296 mora,

87 1301 262 1353 Iamque
294 1300 435 1341 venire
466 1301 598 1354 videt,
631 1315 735 1354 quos
767 1315 855 1341 non
886 1301 1110 1341 admittere
1143 1301 1354 1352 durumst,

146 1359 330 1399 Excreat
362 1361 403 1399 et
434 1359 535 1399 ficta
566 1359 638 1399 dat
670 1359 775 1399 mihi
808 1359 931 1413 signa
961 1362 1075 1399 nota.

35 1427 68 1452 ‘25
90 1416 209 1458 Sicut
241 1419 379 1469 erant,
409 1431 641 1470 properans
674 1417 803 1457 verba
832 1416 1068 1470 inperfecta
1099 1415 1312 1469 relinquo,

146 1475 205 1515 Et
235 1474 396 1529 tegitur
427 1474 591 1528 trepido
622 1474 767 1515 littera
798 1477 922 1516 cauta
954 1474 1059 1514 sinu.

88 1533 189 1573 Inde
222 1546 338 1573 meos
371 1532 528 1586 digitos
560 1533 715 1573 iterum
746 1532 929 1586 repetita
959 1532 1132 1586 fatigat:

149 1589 341 1638 Quantus
374 1590 430 1630 sit
460 1590 584 1631 nobis
617 1590 798 1644 adspicis
829 1591 921 1644 ipse
953 1590 1092 1643 labor,

91 1647 201 1701 Quo,
232 1662 419 1702 peream7
451 1648 487 1688 si
519 1648 672 1703 dignus
705 1663 815 1702 eras,
846 1651 895 1688 ut
925 1662 1025 1688 vera
1055 1647 1296 1700 loquamur:

37 1717 72 1742 30
151 1705 233 1746 Sed
264 1705 414 1746 melior
443 1705 558 1746 iusto
591 1721 800 1760 quamque
833 1706 1007 1746 mereris
1040 1706 1134 1760 ego!

93 1763 209 1818 Ergo
241 1766 283 1803 te
314 1766 489 1816 propter
520 1763 678 1804 totiens
709 1764 872 1805 incerta
905 1763 1054 1804 salutis

151 1821 413 1862 Commentis
445 1835 603 1874 poenas
636 1822 772 1875 doque
805 1822 980 1874 dedique
1013 1821 1127 1861 tuis?

92 1878 209 1919 Haec
240 1878 364 1919 nobis
396 1878 556 1919 formae
588 1882 630 1919 te
661 1879 880 1920 laudatore
914 1879 1118 1932 superbae

151 1935 375 1991 Contingit
406 1936 594 1977 merces?
627 1939 669 1977 et
701 1937 909 1990 placuisse
941 1936 1093 1977 nocet?

39 2007 73 2031 3⁵
95 1993 139 2036 Si
171 1994 251 2035 tibi
283 1994 502 2047 deformis,
534 1994 645 2048 quod
675 1995 864 2048 mallem,
895 1994 986 2035 visa
1016 1994 1210 2048 fuissem,

152 2050 380 2105 Culpatum
410 2052 528 2092 nulla
559 2066 710 2106 corpus
737 2055 880 2107 egeret
912 2067 1008 2107 ope3

94 2109 217 2150 Nunc
248 2110 421 2150 laudata
453 2124 594 2164 gemo,
624 2124 735 2151 nunc
767 2125 834 2151 me
867 2110 1097 2152 certamine
1129 2113 1271 2151 vestro

152 2167 352 2221 Perditis,
387 2171 429 2208 et
459 2168 632 2221 proprio
668 2168 862 2209 vulneror
892 2169 986 2222 ipsa
1017 2169 1146 2209 bono!

93 2225 208 2266 Dum
238 2240 373 2278 neque
406 2228 454 2266 tu
486 2226 617 2279 cedis,
646 2240 724 2267 nec
755 2241 801 2267 80
829 2229 954 2280 putat
984 2227 1055 2267 ille
1088 2228 1336 2281 seeundum,

40 2295 75 2318 40
152 2283 215 2323 Tu
246 2283 358 2324 votis
389 2283 534 2325 obstas
565 2283 700 2338 illius,
729 2284 801 2325 ille
833 2285 938 2338 tuis,

94 2340 193 2395 Ipsa
224 2341 340 2382 velut
370 2341 489 2382 navis
520 2342 674 2396 iactor,
706 2357 832 2397 quam
864 2345 1003 2384 certus
1035 2343 1080 2383 in
1112 2343 1246 2384 altum
