<?xml version="1.0" encoding="UTF-8"?>
<!DOCTYPE html PUBLIC "-//W3C//DTD XHTML 1.0 Transitional//EN"
    "http://www.w3.org/TR/xhtml1/DTD/xhtml1-transitional.dtd">
<html xmlns="http://www.w3.org/1999/xhtml" xml:lang="en" lang="en">
 <head>
  <title>
</title>
<meta http-equiv="Content-Type" content="text/html;charset=utf-8" />
  <meta name='ocr-system' content='tesseract 3.04.00' />
  <meta name='ocr-capabilities' content='ocr_page ocr_carea ocr_par ocr_line ocrx_word'/>
</head>
<body>
  <div class='ocr_page' id='page_1' title='image "./operaovid03oviduoft_0307.png"; bbox 0 0 1674 2662; ppageno 0'>
   <div class='ocr_carea' id='block_1_1' title="bbox 901 0 1638 7">
    <p class='ocr_par' dir='ltr' id='par_1_1' title="bbox 901 0 1638 7">
     <span class='ocr_line' id='line_1_1' title="bbox 901 0 1638 7; baseline 0 0"><span class='ocrx_word' id='word_1_1' title='bbox 901 0 1638 7; x_wconf 95' lang='lat' dir='ltr'> </span> 
     </span>
    </p>
   </div>
   <div class='ocr_carea' id='block_1_2' title="bbox 683 168 1429 210">
    <p class='ocr_par' dir='ltr' id='par_1_2' title="bbox 683 168 1429 210">
     <span class='ocr_line' id='line_1_2' title="bbox 683 168 1429 210; baseline 0.008 -8"><span class='ocrx_word' id='word_1_2' title='bbox 683 178 843 203; x_wconf 72' lang='lat' dir='ltr'>loa—176.</span> <span class='ocrx_word' id='word_1_3' title='bbox 1346 168 1429 210; x_wconf 75' lang='lat'>251</span> 
     </span>
    </p>
   </div>
   <div class='ocr_carea' id='block_1_3' title="bbox 25 260 1370 2408">
    <p class='ocr_par' dir='ltr' id='par_1_3' title="bbox 25 260 1370 2408">
     <span class='ocr_line' id='line_1_3' title="bbox 26 260 1162 316; baseline 0.004 -17"><span class='ocrx_word' id='word_1_4' title='bbox 26 274 77 300; x_wconf 78' lang='lat'>140</span> <span class='ocrx_word' id='word_1_5' title='bbox 153 260 515 316; x_wconf 73' lang='lat' dir='ltr'>Contemptaeque</span> <span class='ocrx_word' id='word_1_6' title='bbox 546 262 686 304; x_wconf 88' lang='lat' dir='ltr'>iacent</span> <span class='ocrx_word' id='word_1_7' title='bbox 718 266 760 304; x_wconf 92' lang='lat' dir='ltr'>et</span> <span class='ocrx_word' id='word_1_8' title='bbox 792 263 880 303; x_wconf 87' lang='lat' dir='ltr'>sine</span> <span class='ocrx_word' id='word_1_9' title='bbox 912 262 1005 304; x_wconf 87' lang='lat' dir='ltr'>luce</span> <span class='ocrx_word' id='word_1_10' title='bbox 1036 262 1162 304; x_wconf 86' lang='lat' dir='ltr'>faces.</span> 
     </span>
     <span class='ocr_line' id='line_1_4' title="bbox 95 317 1334 375; baseline 0 -14"><span class='ocrx_word' id='word_1_11' title='bbox 95 319 231 368; x_wconf 80' lang='lat' dir='ltr'>Quam</span> <span class='ocrx_word' id='word_1_12' title='bbox 261 321 461 374; x_wconf 87' lang='lat' dir='ltr'>platanus</span> <span class='ocrx_word' id='word_1_13' title='bbox 493 320 591 361; x_wconf 81' lang='lat' dir='ltr'>vino</span> <span class='ocrx_word' id='word_1_14' title='bbox 625 321 798 375; x_wconf 71' lang='lat' dir='ltr'>gaudet,</span> <span class='ocrx_word' id='word_1_15' title='bbox 830 335 957 374; x_wconf 86' lang='lat' dir='ltr'>quam</span> <span class='ocrx_word' id='word_1_16' title='bbox 988 321 1172 374; x_wconf 89' lang='lat' dir='ltr'>populus</span> <span class='ocrx_word' id='word_1_17' title='bbox 1203 317 1334 374; x_wconf 61' lang='lat' dir='ltr'>u&#39;nda7</span> 
     </span>
     <span class='ocr_line' id='line_1_5' title="bbox 151 378 1134 433; baseline 0 -14"><span class='ocrx_word' id='word_1_18' title='bbox 151 378 210 419; x_wconf 87' lang='lat' dir='ltr'>Et</span> <span class='ocrx_word' id='word_1_19' title='bbox 242 393 369 432; x_wconf 91' lang='lat' dir='ltr'>quam</span> <span class='ocrx_word' id='word_1_20' title='bbox 400 378 553 420; x_wconf 85' lang='lat' dir='ltr'>limosa</span> <span class='ocrx_word' id='word_1_21' title='bbox 585 393 719 420; x_wconf 86' lang='lat' dir='ltr'>canna</span> <span class='ocrx_word' id='word_1_22' title='bbox 749 378 952 433; x_wconf 85' lang='lat' dir='ltr'>palustris</span> <span class='ocrx_word' id='word_1_23' title='bbox 983 378 1134 433; x_wconf 79' lang='lat' dir='ltr'>humo,</span> 
     </span>
     <span class='ocr_line' id='line_1_6' title="bbox 94 435 1331 492; baseline 0 -15"><span class='ocrx_word' id='word_1_24' title='bbox 94 436 199 478; x_wconf 86' lang='lat' dir='ltr'>Tam</span> <span class='ocrx_word' id='word_1_25' title='bbox 229 435 375 478; x_wconf 81' lang='lat' dir='ltr'>Venus</span> <span class='ocrx_word' id='word_1_26' title='bbox 408 437 497 478; x_wconf 87' lang='lat' dir='ltr'>otia</span> <span class='ocrx_word' id='word_1_27' title='bbox 529 441 660 478; x_wconf 89' lang='lat' dir='ltr'>amat:</span> <span class='ocrx_word' id='word_1_28' title='bbox 693 437 765 492; x_wconf 89' lang='lat' dir='ltr'>qui</span> <span class='ocrx_word' id='word_1_29' title='bbox 796 437 924 478; x_wconf 84' lang='lat' dir='ltr'>finem</span> <span class='ocrx_word' id='word_1_30' title='bbox 956 437 1122 490; x_wconf 86' lang='lat' dir='ltr'>quaeris</span> <span class='ocrx_word' id='word_1_31' title='bbox 1155 436 1331 490; x_wconf 74' lang='lat' dir='ltr'>amoris,</span> 
     </span>
     <span class='ocr_line' id='line_1_7' title="bbox 154 493 1129 551; baseline 0 -16"><span class='ocrx_word' id='word_1_32' title='bbox 154 494 296 549; x_wconf 85' lang='lat' dir='ltr'>(Cedit</span> <span class='ocrx_word' id='word_1_33' title='bbox 328 510 447 536; x_wconf 89' lang='lat' dir='ltr'>amor</span> <span class='ocrx_word' id='word_1_34' title='bbox 477 493 624 551; x_wconf 82' lang='lat' dir='ltr'>rebus)</span> <span class='ocrx_word' id='word_1_35' title='bbox 656 510 722 541; x_wconf 89' lang='lat' dir='ltr'>res</span> <span class='ocrx_word' id='word_1_36' title='bbox 755 509 851 550; x_wconf 90' lang='lat' dir='ltr'>age:</span> <span class='ocrx_word' id='word_1_37' title='bbox 883 498 1001 536; x_wconf 86' lang='lat' dir='ltr'>tutus</span> <span class='ocrx_word' id='word_1_38' title='bbox 1035 495 1129 536; x_wconf 90' lang='lat' dir='ltr'>eris.</span> 
     </span>
     <span class='ocr_line' id='line_1_8' title="bbox 26 552 1222 607; baseline 0.001 -14"><span class='ocrx_word' id='word_1_39' title='bbox 26 563 75 589; x_wconf 81' lang='lat'>145</span> <span class='ocrx_word' id='word_1_40' title='bbox 94 552 296 607; x_wconf 83' lang='lat' dir='ltr'>Languor</span> <span class='ocrx_word' id='word_1_41' title='bbox 321 556 364 594; x_wconf 90' lang='lat' dir='ltr'>et</span> <span class='ocrx_word' id='word_1_42' title='bbox 394 553 596 594; x_wconf 81' lang='lat' dir='ltr'>inmodici</span> <span class='ocrx_word' id='word_1_43' title='bbox 628 553 706 594; x_wconf 89' lang='lat' dir='ltr'>sub</span> <span class='ocrx_word' id='word_1_44' title='bbox 737 553 854 594; x_wconf 82' lang='lat' dir='ltr'>nullo</span> <span class='ocrx_word' id='word_1_45' title='bbox 886 553 1050 595; x_wconf 82' lang='lat' dir='ltr'>vindice</span> <span class='ocrx_word' id='word_1_46' title='bbox 1083 553 1222 594; x_wconf 81' lang='lat' dir='ltr'>somni</span> 
     </span>
     <span class='ocr_line' id='line_1_9' title="bbox 151 611 1143 666; baseline 0 -14"><span class='ocrx_word' id='word_1_47' title='bbox 151 611 341 665; x_wconf 85' lang='lat' dir='ltr'>Aleaque</span> <span class='ocrx_word' id='word_1_48' title='bbox 374 614 416 652; x_wconf 85' lang='lat' dir='ltr'>et</span> <span class='ocrx_word' id='word_1_49' title='bbox 447 611 583 652; x_wconf 87' lang='lat' dir='ltr'>multo</span> <span class='ocrx_word' id='word_1_50' title='bbox 616 614 809 666; x_wconf 85' lang='lat' dir='ltr'>tempora</span> <span class='ocrx_word' id='word_1_51' title='bbox 841 626 995 665; x_wconf 87' lang='lat' dir='ltr'>quassa</span> <span class='ocrx_word' id='word_1_52' title='bbox 1026 625 1143 652; x_wconf 89' lang='lat' dir='ltr'>mero</span> 
     </span>
     <span class='ocr_line' id='line_1_10' title="bbox 92 669 1173 723; baseline -0.001 -12"><span class='ocrx_word' id='word_1_53' title='bbox 92 669 295 723; x_wconf 74' lang='lat' dir='ltr'>Eripiunt</span> <span class='ocrx_word' id='word_1_54' title='bbox 328 683 474 710; x_wconf 89' lang='lat' dir='ltr'>omnes</span> <span class='ocrx_word' id='word_1_55' title='bbox 507 670 648 711; x_wconf 90' lang='lat' dir='ltr'>animo</span> <span class='ocrx_word' id='word_1_56' title='bbox 682 670 770 710; x_wconf 88' lang='lat' dir='ltr'>sine</span> <span class='ocrx_word' id='word_1_57' title='bbox 801 670 974 710; x_wconf 80' lang='lat' dir='ltr'>vulnere</span> <span class='ocrx_word' id='word_1_58' title='bbox 1004 684 1173 711; x_wconf 83' lang='lat' dir='ltr'>nervos:</span> 
     </span>
     <span class='ocr_line' id='line_1_11' title="bbox 151 727 966 769; baseline 0.001 -2"><span class='ocrx_word' id='word_1_59' title='bbox 151 727 316 768; x_wconf 88' lang='lat' dir='ltr'>Adfluit</span> <span class='ocrx_word' id='word_1_60' title='bbox 346 727 530 769; x_wconf 87' lang='lat' dir='ltr'>incautis</span> <span class='ocrx_word' id='word_1_61' title='bbox 560 727 790 769; x_wconf 88' lang='lat' dir='ltr'>insidiosus</span> <span class='ocrx_word' id='word_1_62' title='bbox 821 729 966 769; x_wconf 85' lang='lat' dir='ltr'>Amor.</span> 
     </span>
     <span class='ocr_line' id='line_1_12' title="bbox 94 784 1207 841; baseline 0.001 -15"><span class='ocrx_word' id='word_1_63' title='bbox 94 784 313 826; x_wconf 84' lang='lat' dir='ltr'>Desidiam</span> <span class='ocrx_word' id='word_1_64' title='bbox 343 800 449 840; x_wconf 87' lang='lat' dir='ltr'>puer</span> <span class='ocrx_word' id='word_1_65' title='bbox 478 786 550 826; x_wconf 83' lang='lat' dir='ltr'>ille</span> <span class='ocrx_word' id='word_1_66' title='bbox 583 786 702 839; x_wconf 86' lang='lat' dir='ltr'>sequi</span> <span class='ocrx_word' id='word_1_67' title='bbox 734 786 862 840; x_wconf 76' lang='lat' dir='ltr'>solet,</span> <span class='ocrx_word' id='word_1_68' title='bbox 893 786 983 827; x_wconf 80' lang='lat' dir='ltr'>odit</span> <span class='ocrx_word' id='word_1_69' title='bbox 1015 788 1207 841; x_wconf 85' lang='lat' dir='ltr'>agentes:</span> 
     </span>
     <span class='ocr_line' id='line_1_13' title="bbox 26 843 1107 898; baseline 0.001 -14"><span class='ocrx_word' id='word_1_70' title='bbox 26 854 76 879; x_wconf 86' lang='lat'>150</span> <span class='ocrx_word' id='word_1_71' title='bbox 152 843 220 884; x_wconf 93' lang='lat' dir='ltr'>Da</span> <span class='ocrx_word' id='word_1_72' title='bbox 250 858 407 885; x_wconf 83' lang='lat' dir='ltr'>vacuae</span> <span class='ocrx_word' id='word_1_73' title='bbox 440 844 592 898; x_wconf 79' lang='lat' dir='ltr'>menti,</span> <span class='ocrx_word' id='word_1_74' title='bbox 624 858 707 897; x_wconf 88' lang='lat' dir='ltr'>quo</span> <span class='ocrx_word' id='word_1_75' title='bbox 739 847 953 897; x_wconf 85' lang='lat' dir='ltr'>teneatur,</span> <span class='ocrx_word' id='word_1_76' title='bbox 985 845 1107 898; x_wconf 90' lang='lat' dir='ltr'>opus!</span> 
     </span>
     <span class='ocr_line' id='line_1_14' title="bbox 96 899 1312 956; baseline 0.001 -15"><span class='ocrx_word' id='word_1_77' title='bbox 96 899 204 942; x_wconf 84' lang='lat' dir='ltr'>Sunt</span> <span class='ocrx_word' id='word_1_78' title='bbox 235 901 345 955; x_wconf 80' lang='lat' dir='ltr'>fora,</span> <span class='ocrx_word' id='word_1_79' title='bbox 377 906 476 943; x_wconf 82' lang='lat' dir='ltr'>sunt</span> <span class='ocrx_word' id='word_1_80' title='bbox 506 902 639 956; x_wconf 80' lang='lat' dir='ltr'>leges,</span> <span class='ocrx_word' id='word_1_81' title='bbox 672 905 789 956; x_wconf 78' lang='lat' dir='ltr'>sunt,</span> <span class='ocrx_word' id='word_1_82' title='bbox 821 916 926 955; x_wconf 87' lang='lat' dir='ltr'>quos</span> <span class='ocrx_word' id='word_1_83' title='bbox 958 902 1136 956; x_wconf 81' lang='lat' dir='ltr'>tuearis,</span> <span class='ocrx_word' id='word_1_84' title='bbox 1168 901 1312 944; x_wconf 89' lang='lat' dir='ltr'>amici:</span> 
     </span>
     <span class='ocr_line' id='line_1_15' title="bbox 152 958 1191 1015; baseline 0.002 -16"><span class='ocrx_word' id='word_1_85' title='bbox 152 958 270 1000; x_wconf 85' lang='lat' dir='ltr'>Vade</span> <span class='ocrx_word' id='word_1_86' title='bbox 300 973 376 1013; x_wconf 90' lang='lat' dir='ltr'>per</span> <span class='ocrx_word' id='word_1_87' title='bbox 406 960 592 1000; x_wconf 88' lang='lat' dir='ltr'>urbanae</span> <span class='ocrx_word' id='word_1_88' title='bbox 625 960 843 1013; x_wconf 84' lang='lat' dir='ltr'>splendida</span> <span class='ocrx_word' id='word_1_89' title='bbox 875 963 1015 1001; x_wconf 83' lang='lat' dir='ltr'>castra</span> <span class='ocrx_word' id='word_1_90' title='bbox 1045 963 1191 1015; x_wconf 81' lang='lat' dir='ltr'>togae3</span> 
     </span>
     <span class='ocr_line' id='line_1_16' title="bbox 94 1016 1140 1072; baseline 0.001 -15"><span class='ocrx_word' id='word_1_91' title='bbox 94 1016 174 1057; x_wconf 83' lang='lat' dir='ltr'>Vel</span> <span class='ocrx_word' id='word_1_92' title='bbox 205 1020 253 1057; x_wconf 89' lang='lat' dir='ltr'>tu</span> <span class='ocrx_word' id='word_1_93' title='bbox 285 1017 508 1072; x_wconf 87' lang='lat' dir='ltr'>sanguinei</span> <span class='ocrx_word' id='word_1_94' title='bbox 537 1017 750 1058; x_wconf 80' lang='lat' dir='ltr'>iuvenalia</span> <span class='ocrx_word' id='word_1_95' title='bbox 780 1032 956 1059; x_wconf 88' lang='lat' dir='ltr'>munera</span> <span class='ocrx_word' id='word_1_96' title='bbox 986 1018 1140 1058; x_wconf 81' lang='lat' dir='ltr'>Martis</span> 
     </span>
     <span class='ocr_line' id='line_1_17' title="bbox 153 1073 1146 1131; baseline 0.002 -16"><span class='ocrx_word' id='word_1_97' title='bbox 153 1073 345 1129; x_wconf 83' lang='lat' dir='ltr'>Suscipe:</span> <span class='ocrx_word' id='word_1_98' title='bbox 380 1075 554 1116; x_wconf 80' lang='lat' dir='ltr'>deliciae</span> <span class='ocrx_word' id='word_1_99' title='bbox 583 1075 670 1117; x_wconf 85' lang='lat' dir='ltr'>iam</span> <span class='ocrx_word' id='word_1_100' title='bbox 701 1075 783 1116; x_wconf 85' lang='lat' dir='ltr'>tibi</span> <span class='ocrx_word' id='word_1_101' title='bbox 814 1079 938 1131; x_wconf 86' lang='lat' dir='ltr'>terga</span> <span class='ocrx_word' id='word_1_102' title='bbox 969 1076 1146 1117; x_wconf 83' lang='lat' dir='ltr'>dabunt!</span> 
     </span>
     <span class='ocr_line' id='line_1_18' title="bbox 26 1132 1350 1189; baseline 0.001 -15"><span class='ocrx_word' id='word_1_103' title='bbox 26 1144 75 1169; x_wconf 79' lang='lat'>15⁵</span> <span class='ocrx_word' id='word_1_104' title='bbox 94 1133 222 1186; x_wconf 79' lang='lat' dir='ltr'>Ecce,</span> <span class='ocrx_word' id='word_1_105' title='bbox 252 1132 384 1188; x_wconf 84' lang='lat' dir='ltr'>fugax</span> <span class='ocrx_word' id='word_1_106' title='bbox 413 1132 617 1187; x_wconf 77' lang='lat' dir='ltr'>Parthus,</span> <span class='ocrx_word' id='word_1_107' title='bbox 648 1134 794 1189; x_wconf 84' lang='lat' dir='ltr'>magni</span> <span class='ocrx_word' id='word_1_108' title='bbox 824 1148 936 1175; x_wconf 81' lang='lat' dir='ltr'>nova</span> <span class='ocrx_word' id='word_1_109' title='bbox 967 1149 1094 1176; x_wconf 87' lang='lat' dir='ltr'>causa</span> <span class='ocrx_word' id='word_1_110' title='bbox 1125 1134 1350 1188; x_wconf 75' lang='lat' dir='ltr'>triumphi,</span> 
     </span>
     <span class='ocr_line' id='line_1_19' title="bbox 152 1190 1166 1245; baseline 0.003 -14"><span class='ocrx_word' id='word_1_111' title='bbox 152 1190 245 1231; x_wconf 89' lang='lat' dir='ltr'>Iam</span> <span class='ocrx_word' id='word_1_112' title='bbox 274 1191 389 1231; x_wconf 80' lang='lat' dir='ltr'>videt</span> <span class='ocrx_word' id='word_1_113' title='bbox 417 1191 464 1231; x_wconf 89' lang='lat' dir='ltr'>in</span> <span class='ocrx_word' id='word_1_114' title='bbox 495 1192 654 1245; x_wconf 87' lang='lat' dir='ltr'>campis</span> <span class='ocrx_word' id='word_1_115' title='bbox 687 1190 880 1233; x_wconf 81' lang='lat' dir='ltr'>Caesaris</span> <span class='ocrx_word' id='word_1_116' title='bbox 912 1207 1031 1234; x_wconf 86' lang='lat' dir='ltr'>arma</span> <span class='ocrx_word' id='word_1_117' title='bbox 1062 1193 1166 1234; x_wconf 88' lang='lat' dir='ltr'>suis:</span> 
     </span>
     <span class='ocr_line' id='line_1_20' title="bbox 94 1246 1217 1305; baseline 0.002 -16"><span class='ocrx_word' id='word_1_118' title='bbox 94 1247 227 1290; x_wconf 84' lang='lat' dir='ltr'>Vince</span> <span class='ocrx_word' id='word_1_119' title='bbox 259 1246 514 1302; x_wconf 82' lang='lat' dir='ltr'>Cupidineas</span> <span class='ocrx_word' id='word_1_120' title='bbox 545 1249 705 1303; x_wconf 85' lang='lat' dir='ltr'>pariter</span> <span class='ocrx_word' id='word_1_121' title='bbox 735 1249 1001 1303; x_wconf 87' lang='lat' dir='ltr'>Parthasque</span> <span class='ocrx_word' id='word_1_122' title='bbox 1036 1251 1217 1305; x_wconf 87' lang='lat' dir='ltr'>sagittas</span> 
     </span>
     <span class='ocr_line' id='line_1_21' title="bbox 152 1306 1115 1362; baseline 0.003 -16"><span class='ocrx_word' id='word_1_123' title='bbox 152 1306 210 1347; x_wconf 88' lang='lat' dir='ltr'>Et</span> <span class='ocrx_word' id='word_1_124' title='bbox 241 1306 351 1347; x_wconf 89' lang='lat' dir='ltr'>refer</span> <span class='ocrx_word' id='word_1_125' title='bbox 383 1307 434 1347; x_wconf 92' lang='lat' dir='ltr'>ad</span> <span class='ocrx_word' id='word_1_126' title='bbox 465 1307 627 1361; x_wconf 87' lang='lat' dir='ltr'>patrios</span> <span class='ocrx_word' id='word_1_127' title='bbox 659 1307 760 1348; x_wconf 83' lang='lat' dir='ltr'>bina</span> <span class='ocrx_word' id='word_1_128' title='bbox 790 1311 967 1362; x_wconf 86' lang='lat' dir='ltr'>tropaea</span> <span class='ocrx_word' id='word_1_129' title='bbox 998 1309 1115 1349; x_wconf 82' lang='lat' dir='ltr'>deos!</span> 
     </span>
     <span class='ocr_line' id='line_1_22' title="bbox 94 1363 1200 1423; baseline 0.002 -18"><span class='ocrx_word' id='word_1_130' title='bbox 94 1363 155 1405; x_wconf 88' lang='lat' dir='ltr'>Ut</span> <span class='ocrx_word' id='word_1_131' title='bbox 188 1365 316 1405; x_wconf 89' lang='lat' dir='ltr'>semel</span> <span class='ocrx_word' id='word_1_132' title='bbox 347 1364 503 1423; x_wconf 62' lang='lat' dir='ltr'>Aetola</span> <span class='ocrx_word' id='word_1_133' title='bbox 533 1364 680 1406; x_wconf 87' lang='lat' dir='ltr'>Venus</span> <span class='ocrx_word' id='word_1_134' title='bbox 712 1368 777 1406; x_wconf 91' lang='lat' dir='ltr'>est</span> <span class='ocrx_word' id='word_1_135' title='bbox 809 1380 833 1406; x_wconf 90' lang='lat' dir='ltr'>a</span> <span class='ocrx_word' id='word_1_136' title='bbox 864 1366 1036 1420; x_wconf 80' lang='lat' dir='ltr'>cuspide</span> <span class='ocrx_word' id='word_1_137' title='bbox 1066 1367 1200 1421; x_wconf 82' lang='lat' dir='ltr'>laesa,</span> 
     </span>
     <span class='ocr_line' id='line_1_23' title="bbox 25 1421 1021 1478; baseline 0.004 -18"><span class='ocrx_word' id='word_1_138' title='bbox 25 1433 77 1459; x_wconf 72' lang='lat'>160</span> <span class='ocrx_word' id='word_1_139' title='bbox 152 1421 328 1463; x_wconf 80' lang='lat' dir='ltr'>Mandat</span> <span class='ocrx_word' id='word_1_140' title='bbox 361 1423 542 1464; x_wconf 88' lang='lat' dir='ltr'>amatori</span> <span class='ocrx_word' id='word_1_141' title='bbox 573 1423 686 1464; x_wconf 90' lang='lat' dir='ltr'>bella</span> <span class='ocrx_word' id='word_1_142' title='bbox 718 1424 901 1478; x_wconf 87' lang='lat' dir='ltr'>gerenda</span> <span class='ocrx_word' id='word_1_143' title='bbox 932 1438 1021 1465; x_wconf 87' lang='lat' dir='ltr'>suo.</span> 
     </span>
     <span class='ocr_line' id='line_1_24' title="bbox 96 1479 1217 1536; baseline 0.003 -15"><span class='ocrx_word' id='word_1_144' title='bbox 96 1479 325 1535; x_wconf 83' lang='lat' dir='ltr'>Quaeritis,</span> <span class='ocrx_word' id='word_1_145' title='bbox 356 1481 591 1536; x_wconf 83' lang='lat' dir='ltr'>Aegisthus</span> <span class='ocrx_word' id='word_1_146' title='bbox 623 1496 750 1535; x_wconf 85' lang='lat' dir='ltr'>quare</span> <span class='ocrx_word' id='word_1_147' title='bbox 778 1482 834 1522; x_wconf 90' lang='lat' dir='ltr'>sit</span> <span class='ocrx_word' id='word_1_148' title='bbox 864 1481 1002 1523; x_wconf 86' lang='lat' dir='ltr'>factus</span> <span class='ocrx_word' id='word_1_149' title='bbox 1035 1483 1217 1536; x_wconf 84' lang='lat' dir='ltr'>adulter;</span> 
     </span>
     <span class='ocr_line' id='line_1_25' title="bbox 153 1537 1053 1593; baseline 0.002 -14"><span class='ocrx_word' id='word_1_150' title='bbox 153 1537 203 1579; x_wconf 83' lang='lat' dir='ltr'>In</span> <span class='ocrx_word' id='word_1_151' title='bbox 233 1542 434 1593; x_wconf 89' lang='lat' dir='ltr'>promptu</span> <span class='ocrx_word' id='word_1_152' title='bbox 466 1542 651 1580; x_wconf 85' lang='lat' dir='ltr'>causast:</span> <span class='ocrx_word' id='word_1_153' title='bbox 684 1540 920 1581; x_wconf 86' lang='lat' dir='ltr'>desidiosus</span> <span class='ocrx_word' id='word_1_154' title='bbox 952 1543 1053 1581; x_wconf 89' lang='lat' dir='ltr'>erat.</span> 
     </span>
     <span class='ocr_line' id='line_1_26' title="bbox 94 1595 1083 1653; baseline 0.003 -17"><span class='ocrx_word' id='word_1_155' title='bbox 94 1595 351 1650; x_wconf 84' lang='lat' dir='ltr'>Pugnabant</span> <span class='ocrx_word' id='word_1_156' title='bbox 383 1597 455 1638; x_wconf 89' lang='lat' dir='ltr'>alii</span> <span class='ocrx_word' id='word_1_157' title='bbox 486 1598 619 1639; x_wconf 84' lang='lat' dir='ltr'>tardis</span> <span class='ocrx_word' id='word_1_158' title='bbox 651 1598 763 1652; x_wconf 89' lang='lat' dir='ltr'>apud</span> <span class='ocrx_word' id='word_1_159' title='bbox 793 1598 905 1639; x_wconf 80' lang='lat' dir='ltr'>Ilion</span> <span class='ocrx_word' id='word_1_160' title='bbox 936 1598 1083 1653; x_wconf 80' lang='lat' dir='ltr'>armis3</span> 
     </span>
     <span class='ocr_line' id='line_1_27' title="bbox 153 1654 1069 1697; baseline 0.002 -2"><span class='ocrx_word' id='word_1_161' title='bbox 153 1654 447 1696; x_wconf 86' lang='lat' dir='ltr'>Transtulerat</span> <span class='ocrx_word' id='word_1_162' title='bbox 477 1655 587 1696; x_wconf 76' lang='lat' dir='ltr'>vires</span> <span class='ocrx_word' id='word_1_163' title='bbox 621 1655 799 1697; x_wconf 78' lang='lat' dir='ltr'>Graecia</span> <span class='ocrx_word' id='word_1_164' title='bbox 830 1659 922 1697; x_wconf 86' lang='lat' dir='ltr'>tota</span> <span class='ocrx_word' id='word_1_165' title='bbox 955 1670 1069 1697; x_wconf 88' lang='lat' dir='ltr'>suas:</span> 
     </span>
     <span class='ocr_line' id='line_1_28' title="bbox 26 1710 1229 1770; baseline 0.006 -21"><span class='ocrx_word' id='word_1_166' title='bbox 26 1722 76 1748; x_wconf 77' lang='lat'>165</span> <span class='ocrx_word' id='word_1_167' title='bbox 97 1710 193 1753; x_wconf 80' lang='lat' dir='ltr'>Sive</span> <span class='ocrx_word' id='word_1_168' title='bbox 225 1727 397 1767; x_wconf 88' lang='lat' dir='ltr'>operam</span> <span class='ocrx_word' id='word_1_169' title='bbox 427 1713 550 1754; x_wconf 84' lang='lat' dir='ltr'>bellis</span> <span class='ocrx_word' id='word_1_170' title='bbox 581 1714 710 1755; x_wconf 83' lang='lat' dir='ltr'>vellet</span> <span class='ocrx_word' id='word_1_171' title='bbox 741 1714 838 1755; x_wconf 85' lang='lat' dir='ltr'>dare</span> <span class='ocrx_word' id='word_1_172' title='bbox 847 1748 857 1768; x_wconf 67' lang='lat'><em>7</em></span> <span class='ocrx_word' id='word_1_173' title='bbox 886 1714 1004 1756; x_wconf 86' lang='lat' dir='ltr'>nulla</span> <span class='ocrx_word' id='word_1_174' title='bbox 1036 1715 1229 1770; x_wconf 79' lang='lat' dir='ltr'>gerebat,</span> 
     </span>
     <span class='ocr_line' id='line_1_29' title="bbox 155 1768 1100 1828; baseline 0.004 -18"><span class='ocrx_word' id='word_1_175' title='bbox 155 1768 250 1811; x_wconf 77' lang='lat' dir='ltr'>Sive</span> <span class='ocrx_word' id='word_1_176' title='bbox 282 1771 395 1825; x_wconf 77' lang='lat' dir='ltr'>foro,</span> <span class='ocrx_word' id='word_1_177' title='bbox 424 1786 605 1813; x_wconf 75' lang='lat' dir='ltr'>vacuum</span> <span class='ocrx_word' id='word_1_178' title='bbox 634 1772 784 1813; x_wconf 85' lang='lat' dir='ltr'>litibus</span> <span class='ocrx_word' id='word_1_179' title='bbox 816 1772 958 1827; x_wconf 87' lang='lat' dir='ltr'>Argos</span> <span class='ocrx_word' id='word_1_180' title='bbox 991 1776 1100 1828; x_wconf 79' lang='lat' dir='ltr'>erat3</span> 
     </span>
     <span class='ocr_line' id='line_1_30' title="bbox 97 1827 1151 1885; baseline 0.004 -17"><span class='ocrx_word' id='word_1_181' title='bbox 97 1827 218 1876; x_wconf 86' lang='lat' dir='ltr'>Quod</span> <span class='ocrx_word' id='word_1_182' title='bbox 247 1828 404 1882; x_wconf 86' lang='lat' dir='ltr'>potuit,</span> <span class='ocrx_word' id='word_1_183' title='bbox 436 1843 488 1870; x_wconf 92' lang='lat' dir='ltr'>ne</span> <span class='ocrx_word' id='word_1_184' title='bbox 519 1829 581 1870; x_wconf 87' lang='lat' dir='ltr'>nil</span> <span class='ocrx_word' id='word_1_185' title='bbox 611 1829 699 1871; x_wconf 88' lang='lat' dir='ltr'>illic</span> <span class='ocrx_word' id='word_1_186' title='bbox 731 1834 945 1885; x_wconf 74' lang='lat' dir='ltr'>ageretur,</span> <span class='ocrx_word' id='word_1_187' title='bbox 976 1831 1151 1872; x_wconf 80' lang='lat' dir='ltr'>amavit!</span> 
     </span>
     <span class='ocr_line' id='line_1_31' title="bbox 155 1884 1140 1942; baseline 0.003 -15"><span class='ocrx_word' id='word_1_188' title='bbox 155 1884 223 1927; x_wconf 81' lang='lat' dir='ltr'>Sic</span> <span class='ocrx_word' id='word_1_189' title='bbox 254 1886 371 1927; x_wconf 82' lang='lat' dir='ltr'>venit</span> <span class='ocrx_word' id='word_1_190' title='bbox 401 1886 472 1927; x_wconf 82' lang='lat' dir='ltr'>ifle</span> <span class='ocrx_word' id='word_1_191' title='bbox 503 1902 626 1941; x_wconf 80' lang='lat' dir='ltr'>puer,</span> <span class='ocrx_word' id='word_1_192' title='bbox 657 1888 717 1929; x_wconf 87' lang='lat' dir='ltr'>sic</span> <span class='ocrx_word' id='word_1_193' title='bbox 747 1902 853 1942; x_wconf 91' lang='lat' dir='ltr'>puer</span> <span class='ocrx_word' id='word_1_194' title='bbox 882 1888 954 1929; x_wconf 82' lang='lat' dir='ltr'>iile</span> <span class='ocrx_word' id='word_1_195' title='bbox 985 1892 1140 1930; x_wconf 86' lang='lat' dir='ltr'>manet.</span> 
     </span>
     <span class='ocr_line' id='line_1_32' title="bbox 94 1943 1370 2000; baseline 0.004 -16"><span class='ocrx_word' id='word_1_196' title='bbox 94 1943 211 1984; x_wconf 87' lang='lat' dir='ltr'>Rura</span> <span class='ocrx_word' id='word_1_197' title='bbox 243 1958 409 1999; x_wconf 85' lang='lat' dir='ltr'>quoque</span> <span class='ocrx_word' id='word_1_198' title='bbox 441 1945 657 1986; x_wconf 87' lang='lat' dir='ltr'>oblectant</span> <span class='ocrx_word' id='word_1_199' title='bbox 688 1946 852 1987; x_wconf 88' lang='lat' dir='ltr'>animos</span> <span class='ocrx_word' id='word_1_200' title='bbox 884 1946 1156 2000; x_wconf 87' lang='lat' dir='ltr'>studiumque</span> <span class='ocrx_word' id='word_1_201' title='bbox 1188 1947 1370 1989; x_wconf 86' lang='lat' dir='ltr'>colendi:</span> 
     </span>
     <span class='ocr_line' id='line_1_33' title="bbox 25 2001 1152 2059; baseline 0.004 -17"><span class='ocrx_word' id='word_1_202' title='bbox 25 2013 76 2037; x_wconf 71' lang='lat'>170</span> <span class='ocrx_word' id='word_1_203' title='bbox 154 2001 376 2050; x_wconf 78' lang='lat' dir='ltr'>Quaelibet</span> <span class='ocrx_word' id='word_1_204' title='bbox 405 2002 504 2044; x_wconf 87' lang='lat' dir='ltr'>huic</span> <span class='ocrx_word' id='word_1_205' title='bbox 536 2017 659 2044; x_wconf 87' lang='lat' dir='ltr'>curae</span> <span class='ocrx_word' id='word_1_206' title='bbox 691 2004 835 2045; x_wconf 88' lang='lat' dir='ltr'>cedere</span> <span class='ocrx_word' id='word_1_207' title='bbox 867 2019 967 2045; x_wconf 90' lang='lat' dir='ltr'>cura</span> <span class='ocrx_word' id='word_1_208' title='bbox 996 2007 1152 2059; x_wconf 86' lang='lat' dir='ltr'>potest.</span> 
     </span>
     <span class='ocr_line' id='line_1_34' title="bbox 95 2058 1173 2117; baseline 0.003 -16"><span class='ocrx_word' id='word_1_209' title='bbox 95 2058 213 2101; x_wconf 86' lang='lat' dir='ltr'>Colla</span> <span class='ocrx_word' id='word_1_210' title='bbox 243 2060 341 2101; x_wconf 91' lang='lat' dir='ltr'>iube</span> <span class='ocrx_word' id='word_1_211' title='bbox 373 2060 558 2102; x_wconf 84' lang='lat' dir='ltr'>domitos</span> <span class='ocrx_word' id='word_1_212' title='bbox 591 2061 708 2102; x_wconf 92' lang='lat' dir='ltr'>oneri</span> <span class='ocrx_word' id='word_1_213' title='bbox 740 2075 977 2116; x_wconf 88' lang='lat' dir='ltr'>supponere</span> <span class='ocrx_word' id='word_1_214' title='bbox 1008 2066 1173 2117; x_wconf 86' lang='lat' dir='ltr'>tauros,</span> 
     </span>
     <span class='ocr_line' id='line_1_35' title="bbox 154 2116 1202 2176; baseline 0.004 -18"><span class='ocrx_word' id='word_1_215' title='bbox 154 2116 324 2160; x_wconf 82' lang='lat' dir='ltr'>Sauciet</span> <span class='ocrx_word' id='word_1_216' title='bbox 354 2121 402 2160; x_wconf 90' lang='lat' dir='ltr'>ut</span> <span class='ocrx_word' id='word_1_217' title='bbox 434 2119 583 2160; x_wconf 89' lang='lat' dir='ltr'>duram</span> <span class='ocrx_word' id='word_1_218' title='bbox 613 2133 758 2161; x_wconf 81' lang='lat' dir='ltr'>vomer</span> <span class='ocrx_word' id='word_1_219' title='bbox 789 2120 976 2162; x_wconf 86' lang='lat' dir='ltr'>aduncus</span> <span class='ocrx_word' id='word_1_220' title='bbox 1007 2120 1202 2176; x_wconf 80' lang='lat' dir='ltr'>humum3</span> 
     </span>
     <span class='ocr_line' id='line_1_36' title="bbox 95 2173 1007 2232; baseline 0.005 -17"><span class='ocrx_word' id='word_1_221' title='bbox 95 2173 235 2216; x_wconf 87' lang='lat' dir='ltr'>Obrue</span> <span class='ocrx_word' id='word_1_222' title='bbox 266 2179 435 2218; x_wconf 86' lang='lat' dir='ltr'>versata</span> <span class='ocrx_word' id='word_1_223' title='bbox 461 2176 651 2218; x_wconf 87' lang='lat' dir='ltr'>Cerealia</span> <span class='ocrx_word' id='word_1_224' title='bbox 682 2178 844 2224; x_wconf 83' lang='lat' dir='ltr'>semina</span> <span class='ocrx_word' id='word_1_225' title='bbox 875 2181 1007 2232; x_wconf 86' lang='lat' dir='ltr'>terra,</span> 
     </span>
     <span class='ocr_line' id='line_1_37' title="bbox 153 2232 1197 2292; baseline 0.004 -18"><span class='ocrx_word' id='word_1_226' title='bbox 153 2232 267 2281; x_wconf 88' lang='lat' dir='ltr'>Quae</span> <span class='ocrx_word' id='word_1_227' title='bbox 298 2234 379 2275; x_wconf 84' lang='lat' dir='ltr'>tibi</span> <span class='ocrx_word' id='word_1_228' title='bbox 411 2248 507 2276; x_wconf 87' lang='lat' dir='ltr'>cum</span> <span class='ocrx_word' id='word_1_229' title='bbox 538 2236 674 2276; x_wconf 88' lang='lat' dir='ltr'>multo</span> <span class='ocrx_word' id='word_1_230' title='bbox 705 2235 876 2277; x_wconf 88' lang='lat' dir='ltr'>faenore</span> <span class='ocrx_word' id='word_1_231' title='bbox 907 2237 1055 2278; x_wconf 88' lang='lat' dir='ltr'>reddat</span> <span class='ocrx_word' id='word_1_232' title='bbox 1085 2251 1197 2292; x_wconf 87' lang='lat' dir='ltr'>ager.</span> 
     </span>
     <span class='ocr_line' id='line_1_38' title="bbox 26 2290 1165 2350; baseline 0.008 -22"><span class='ocrx_word' id='word_1_233' title='bbox 26 2301 74 2327; x_wconf 75' lang='lat'>175</span> <span class='ocrx_word' id='word_1_234' title='bbox 92 2290 277 2345; x_wconf 87' lang='lat' dir='ltr'>Adspice</span> <span class='ocrx_word' id='word_1_235' title='bbox 309 2296 505 2334; x_wconf 85' lang='lat' dir='ltr'>curvatos</span> <span class='ocrx_word' id='word_1_236' title='bbox 537 2307 761 2346; x_wconf 90' lang='lat' dir='ltr'>pomorum</span> <span class='ocrx_word' id='word_1_237' title='bbox 791 2294 975 2349; x_wconf 87' lang='lat' dir='ltr'>pondere</span> <span class='ocrx_word' id='word_1_238' title='bbox 1006 2310 1165 2350; x_wconf 80' lang='lat' dir='ltr'>ramos,</span> 
     </span>
     <span class='ocr_line' id='line_1_39' title="bbox 151 2347 1250 2408; baseline 0.005 -18"><span class='ocrx_word' id='word_1_239' title='bbox 151 2347 211 2390; x_wconf 85' lang='lat' dir='ltr'>Ut</span> <span class='ocrx_word' id='word_1_240' title='bbox 244 2364 337 2404; x_wconf 80' lang='lat' dir='ltr'>sua,</span> <span class='ocrx_word' id='word_1_241' title='bbox 369 2351 481 2405; x_wconf 88' lang='lat' dir='ltr'>quod</span> <span class='ocrx_word' id='word_1_242' title='bbox 511 2351 694 2407; x_wconf 82' lang='lat' dir='ltr'>peperit,</span> <span class='ocrx_word' id='word_1_243' title='bbox 727 2352 797 2393; x_wconf 79' lang='lat' dir='ltr'>vix</span> <span class='ocrx_word' id='word_1_244' title='bbox 827 2352 937 2394; x_wconf 83' lang='lat' dir='ltr'>ferat</span> <span class='ocrx_word' id='word_1_245' title='bbox 969 2353 1095 2395; x_wconf 86' lang='lat' dir='ltr'>arbor</span> <span class='ocrx_word' id='word_1_246' title='bbox 1127 2368 1250 2408; x_wconf 82' lang='lat' dir='ltr'>onus3</span> 
     </span>
    </p>
   </div>
  </div>
 </body>
</html>
