1690 2656
241 168 296 208 96
751 162 1045 198 HEROIDES.

184 273 216 298 15
237 261 296 303 Ut
327 265 485 302 terram
515 259 726 313 invenias,
764 258 858 312 quis
897 272 990 298 eam
1022 257 1103 297 tibi
1137 257 1278 297 tradet
1308 255 1580 297 habendam?

296 319 398 368 Quis
432 334 509 360 sua
539 333 627 359 non
657 317 772 358 notis
807 331 906 357 arva
934 316 1118 356 tenenda
1150 315 1297 356 dabit?

236 378 359 419 Alter
392 392 510 418 amor
542 376 623 417 tibi
655 375 819 416 restat?
851 374 1090 415 habendast
1123 374 1257 414 altera
1288 373 1430 413 Dido‘?

297 436 517 489 Quamque
549 435 706 475 iterum
737 433 880 488 fallas,
914 433 1047 473 altera
1079 432 1216 472 danda
1247 431 1380 472 fides?

239 494 414 543 Quando
448 494 547 548 erit,
577 495 625 534 ut
658 493 814 534 condas
845 491 982 532 instar
1014 489 1288 545 Carthaginis
1321 490 1470 530 urbem

186 566 218 590 ‘20
298 553 355 593 Et
386 552 529 594 videas
561 551 744 605 populos
778 550 890 591 altus
924 550 976 590 ab
1011 563 1105 590 aree
1137 548 1265 589 tuos?

239 611 393 652 Omnia
423 614 471 651 ut
504 610 718 664 eveniant,
747 623 826 650 1100
858 611 900 649 te
932 611 1007 648 tua
1038 610 1139 648 vota
1169 609 1408 660 morentur,

296 668 418 710 Unde
450 668 551 723 tibi,
584 682 690 722 quae
722 670 763 708 te
797 667 857 708 sio
890 669 1021 720 amet,
1053 679 1160 706 uxor
1191 665 1301 705 erit?

239 727 371 781 Uror,
402 730 451 768 ut
482 727 657 767 inducto
690 728 856 767 ceratae
890 725 1062 778 sulpure
1095 723 1260 764 taedae:

275 784 390 837 *[Ut
420 785 492 840 pia
522 784 703 826 fumosis
737 784 881 824 addita
912 786 1009 823 tura
1039 782 1159 823 focis.

187 856 220 881 25
240 844 406 885 Aeneas
440 844 574 885 0011118
608 857 774 897 semper
805 841 1026 896 vigilantis
1058 839 1286 894 inhaeret,]
1304 854 1325 877 *

301 903 475 943 Aenean
508 902 650 942 animo
681 915 850 954 noxque
884 900 1056 953 diesque
1089 898 1230 939 refert.

241 961 317 1001 Ille
351 961 522 1014 quidem
553 959 663 1000 male
697 962 845 1014 gratus
879 961 920 999 et
953 958 1005 998 ad
1036 971 1130 997 mea
1164 970 1340 997 munera
1372 955 1524 996 surdus

300 1019 358 1059 Et
391 1033 493 1073 quo,
526 1018 561 1058 si
591 1031 679 1058 non
711 1017 792 1058 sim
825 1016 975 1070 stulta,
1008 1029 1148 1056 carere
1180 1014 1325 1055 velim:

241 1076 347 1119 Non-
372 1080 519 1118 tamen
549 1076 742 1130 Aenean,
775 1074 968 1128 quamvis
1000 1073 1109 1114 male
1142 1072 1324 1127 cogitat,
1357 1071 1444 1126 odi,

189 1148 222 1173 30
302 1134 384 1176 Sed
416 1148 570 1188 queror
600 1134 779 1174 infidum
813 1136 1048 1186 questaque
1083 1131 1203 1185 peius
1237 1144 1344 1171 amo.

240 1194 391 1248 Parce,
421 1193 586 1247 Venus,
615 1192 761 1246 nurui,
793 1192 1028 1244 durumque
1062 1189 1316 1243 amplectere
1347 1187 1543 1242 fratrem,

300 1252 452 1293 Frater
482 1251 633 1292 Amor!
667 1249 818 1291 castris
851 1249 1008 1290 militet
1038 1248 1111 1288 ille
1143 1247 1245 1288 tuis!

242 1311 331 1352 Aut
363 1324 459 1365 ego,
492 1323 599 1362 quae
633 1308 752 1362 coepi
784 1311 936 1361 (neque
969 1306 1082 1347 enim
1114 1304 1338 1360 dedignor)
1373 1319 1533 1359 amare,

302 1368 544 1419 (Materiam
576 1382 700 1408 curae
732 1366 935 1421 praebeat
966 1365 1038 1405 ille
1070 1362 1226 1419 meael)

190 1440 222 1464 35
242 1427 405 1481 Fallor,
437 1430 479 1467 et
509 1426 594 1466 ista
626 1425 732 1466 mihi
763 1424 872 1465 falso
904 1424 1090 1465 iactatur
1120 1423 1282 1477 imago:

302 1485 453 1526 Matris
486 1484 539 1525 ab
571 1484 745 1538 ingenio
779 1479 954 1523 dissidet
984 1482 1056 1522 ille
1089 1495 1200 1522 suae.

242 1544 300 1585 Te
332 1543 440 1597 lapis
474 1545 517 1584 et
548 1545 715 1583 montes
747 1541 978 1594 innataque
1009 1539 1188 1593 rupibus
1221 1538 1320 1579 altis

302 1602 494 1655 Robora,
525 1603 567 1641 te
601 1614 749 1641 saevae
781 1612 1046 1654 progenuere
1077 1597 1210 1651 ferae,

243 1661 332 1702 Aut
364 1674 499 1713 mare,
531 1659 654 1713 quale
686 1658 802 1699 vides
836 1657 991 1712 agitari
1022 1670 1134 1697 1111110
1167 1668 1335 1708 quoque
1367 1654 1526 1708 ventis,

189 1731 224 1755 40
303 1718 395 1767 Quo
428 1721 573 1759 tamen
605 1716 790 1757 adversis
823 1715 1024 1756 fluctibus
1056 1714 1118 1755 ire
1149 1714 1291 1767 paras!

244 1777 335 1826 Quo
366 1776 511 1831 fugis‘?
545 1775 690 1816 obstat
721 1774 898 1828 hiemps.
935 1772 1088 1813 hiemis
1121 1771 1227 1812 mihi
1260 1770 1399 1826 gratia
1429 1771 1584 1825 prosit!

301 1835 506 1889 Adspice,
536 1836 585 1874 ut
616 1847 783 1874 eversas
816 1831 1002 1873 eonoitet
1033 1831 1175 1871 Eurus
1209 1831 1356 1883 aquas!

244 1893 365 1941 Quod
397 1893 478 1933 tibi
510 1891 761 1945 malueram,
794 1890 883 1931 sine
915 1904 982 1930 me
1015 1889 1165 1930 debere
1197 1887 1412 1942 procellis:

303 1951 464 1992 Iustior
495 1954 560 1991 est
592 1949 734 1990 animo
766 1952 918 1989 ventus
952 1951 993 1989 et
1025 1947 1137 1988 unda
1168 1949 1253 1987 tuo.

192 2020 225 2046 45
245 2008 345 2050 Non
377 2023 456 2063 ego
490 2023 585 2049 sum
616 2008 745 2061 tanti,
777 2007 939 2060 (quidni
972 2005 1202 2058 cuncteris,
1232 2002 1426 2058 inique‘P)

304 2066 365 2107 Ut
395 2081 562 2120 pereas,
594 2067 694 2107 dum
725 2080 792 2106 me
823 2080 899 2119 per
929 2064 1040 2105 freta
1070 2064 1200 2118 longa
1230 2062 1356 2117 fugis.

246 2125 429 2167 Exerces
462 2125 652 2178 pretiosa
684 2124 781 2164 odia
812 2127 854 2164 et
887 2121 1129 2164 constantia
1159 2134 1335 2175 magno,

308 2182 371 2237 Si,
401 2183 501 2222 dum
533 2197 599 2223 me
633 2197 794 2236 careas,
826 2184 891 2222 est
922 2181 1003 2222 tibi
1036 2180 1116 2220 vile
1149 2178 1274 2220 mori:

247 2241 340 2282 Iam
371 2240 486 2281 venti
518 2244 697 2293 ponent,
730 2243 948 2293 strataque
981 2237 1215 2292 aequaliter
1245 2236 1358 2277 unda

195 2311 229 2337 50
308 2297 524 2340 Caeruleis
556 2297 707 2338 Triton
738 2313 813 2351 per
845 2312 960 2338 mare
993 2299 1133 2338 curret
1165 2294 1296 2348 equis.

248 2357 313 2398 Tu
345 2370 512 2411 quoque
545 2370 641 2396 eum
671 2356 810 2397 ventis
844 2356 1008 2397 utinam
1039 2353 1258 2395 mutabilis
1291 2352 1421 2392 esses!
