1622 2672
657 177 936 213 PRAEFATIO.
1430 180 1462 215 V

131 287 333 314 mannum
369 273 414 313 in
445 273 660 314 Addendis
691 273 753 314 IV
783 289 822 328 p.
855 275 940 315 252
966 289 1054 329 sqq.
1087 277 1130 315 et
1162 274 1215 317 H.
1250 274 1310 316 St..
1349 273 1462 316 Sedl-

131 346 349 386 mayerum
373 331 399 372 l.
425 331 450 372 1.
476 347 516 386 p.
543 333 586 386 6)
614 332 858 373 adiumento
885 333 948 373 uti
973 347 1060 374 non
1084 333 1219 387 potui,
1244 333 1462 374 vehemen-

131 390 295 431 tissime
326 390 416 444 ipse
449 390 582 431 doleo.
646 389 691 431 Si
718 405 823 444 quos
855 394 1023 445 praeter
1053 391 1132 432 hos
1165 395 1336 433 secutus
1368 406 1463 432 sum

130 449 263 489 libros
294 448 629 503 manuscriptos,
661 474 715 478 —
748 449 1032 503 suppetebant
1063 450 1312 491 collationes
1344 464 1462 491 meae

131 507 359 548 Bernensis
396 508 481 548 478
524 521 630 548 saec.
668 507 775 548 XIII
818 508 863 548 in
906 508 1099 562 epistulis
1144 509 1462 562 carminumque

131 569 368 607 ceterorum
398 565 592 619 partibus
625 568 667 606 et
695 565 990 607 Gothanorum
1021 567 1066 607 in
1091 566 1286 620 epistulis
1314 592 1367 595 —
1389 581 1461 608 eos

131 624 219 665 suis
255 623 360 665 locis
398 624 562 679 notavi3
601 622 921 679 Sangallensem
957 628 998 665 et
1031 624 1312 667 Oxoniensem
1342 625 1388 666 in
1417 639 1462 666 re

132 682 439 737 orthographia
459 682 584 723 duces
604 682 735 723 habui
755 683 902 723 multis
921 683 1027 724 locis
1047 683 1242 724 Parisino
1261 683 1462 738 potiores.

130 741 346 795 Excerpta
377 755 427 781 ex
458 740 576 795 Arte,
607 755 714 794 quae
744 741 789 781 in
821 741 963 782 codice
994 741 1300 797 Bambergensi
1330 741 1462 782 Nonii

130 799 322 840 Marcelli
337 798 410 843 (M.
425 798 477 852 V,
494 800 564 850 18)
581 799 764 854 margini
777 799 978 840 foliorum
995 800 1222 841 109-112
1238 800 1464 854 adscripsit

131 872 294 911 manus,
317 860 366 898 ut
390 857 496 898 mihi
522 857 700 911 videtur,
726 858 883 899 saeculi
902 857 942 898 X
962 857 1080 911 (sunt
1099 873 1245 899 versus
1264 859 1351 899 fere
1372 873 1463 900 cen-

131 920 225 957 tum
250 915 424 971 viginti)
454 930 543 957 non
572 916 746 957 maioris
777 916 904 970 pretii
936 919 1035 957 sunt
1067 917 1119 957 ad
1150 931 1239 958 rem
1271 917 1463 958 criticam

131 974 412 1016 factitandam
438 988 566 1028 quam
590 974 831 1029 fragmenta
850 974 1117 1029 palimpsesti
1141 974 1463 1029 Guelferbytani

133 1047 238 1074 saec.
252 1032 314 1074 XI
329 1032 437 1088 (cod.
453 1031 558 1073 Gud.
573 1033 655 1074 22ῖ
667 1048 675 1074 :
689 1033 774 1073 her.
789 1032 823 1087 I,
836 1033 1020 1074 29-57.
1038 1032 1230 1088 58—86)
1245 1034 1294 1074 de
1309 1033 1462 1087 quibus

133 1091 183 1134 cf.
203 1091 250 1133 F.
269 1092 320 1132 A.
340 1091 520 1145 Knittel,
539 1090 737 1146 Ulphilae
756 1091 894 1132 versio
917 1091 1099 1133 Gothica
1120 1107 1159 1146 p.
1180 1093 1265 1133 512
1287 1095 1329 1133 et
1347 1091 1393 1132 F.
1412 1092 1462 1132 A.

132 1150 267 1191 Ebert
302 1149 412 1191 Bibl.
446 1149 582 1190 Guelf.
613 1149 784 1204 Lipsiae
820 1151 929 1192 1827
961 1166 1000 1204 p.
1037 1152 1137 1204 102,
1176 1165 1282 1204 quae
1319 1150 1465 1191 laudat

134 1209 186 1250 ad
217 1208 303 1249 her.
329 1208 363 1261 I,
387 1209 444 1249 40
475 1208 506 1248 I.
532 1208 578 1249 F.
604 1208 856 1263 Heusinger.

250 1266 450 1320 Epistula
476 1265 672 1320 Sapphus
696 1281 749 1307 ne
776 1281 851 1307 suo
885 1270 1092 1320 apparatu
1125 1267 1272 1308 critico
1306 1267 1463 1307 diutius

135 1328 247 1366 esset
278 1325 501 1378 destituta,
538 1327 710 1366 cautum
741 1328 806 1365 est
835 1325 1040 1366 laudabili
1072 1323 1111 1366 S.
1146 1324 1193 1366 G.
1226 1326 1276 1367 de
1306 1325 1465 1366 Vriesii

135 1381 406 1438 diligentiass)
443 1381 661 1438 (Epistula
693 1382 889 1437 Sapphus
924 1384 976 1424 ad
1006 1383 1235 1424 Phaonem.
1266 1383 1465 1438 Lugduni

134 1442 228 1483 Bat.
269 1440 416 1496 1885):
459 1444 601 1482 textus
647 1441 1027 1482 conformationem
1070 1456 1149 1496 ego
1193 1441 1376 1482 maxime
1414 1442 1466 1482 ad

134 1499 523 1542 Francofurtanum
550 1514 655 1540 saec.
682 1499 802 1553 XIII,
827 1515 959 1540 unum
985 1514 1035 1540 ex
1052 1499 1103 1540 A.
1123 1499 1331 1555 Naugerii
1357 1500 1466 1541 codi-

136 1559 274 1612 cibus,
304 1558 517 1612 revocavi3
554 1557 843 1613 fragmentum
874 1561 1016 1599 autem
1046 1558 1180 1598 libelli
1212 1559 1320 1613 eius,
1354 1559 1467 1612 quod

134 1616 417 1658 Medicamina
447 1616 571 1658 faciei
602 1616 808 1658 femineae
840 1620 952 1658 recte
980 1617 1157 1658 inscribi
1181 1619 1300 1671 puto,
1330 1631 1466 1657 emen-

137 1675 276 1717 datius
313 1678 362 1716 ut
399 1675 465 1715 edi
502 1678 665 1729 posset,
701 1675 751 1715 A.
784 1675 939 1715 Kunzii
974 1675 1163 1716 sollertia
1200 1675 1356 1729 effecit,
1393 1675 1466 1728 qui

135 1736 302 1775 textum
345 1733 434 1774 eius
477 1733 689 1775 recensuit
732 1736 774 1774 et
819 1733 1038 1774 adnotavit
1080 1733 1126 1773 in
1168 1733 1465 1774 dissertatione

135 1791 458 1833 Vindobonensi
486 1793 614 1833 1881:
645 1791 880 1846 principem
898 1792 1011 1832 inter
1030 1791 1120 1832 eius
1141 1791 1304 1832 codices
1324 1791 1466 1833 locum

138 1850 304 1892 obtinet
335 1849 607 1891 Florentinus
639 1849 879 1891 Marcianus
911 1851 995 1891 223
1028 1864 1134 1890 saec.
1159 1849 1232 1890 XI.

255 1908 377 1957 Quod
405 1923 504 1950 vero
538 1909 590 1950 ad
620 1911 762 1949 textus
794 1908 878 1949 mei
908 1908 1090 1949 formam
1123 1907 1285 1948 adtinet
1316 1907 1467 1962 ipsam,

137 1970 186 2008 ut
212 1970 454 2008 accuratam
481 1981 639 2021 eorum,
664 1981 770 2020 quae
790 1967 835 2007 in
855 1966 1071 2007 codicibus
1091 1965 1298 2020 feruntur,
1321 1980 1466 2007 omnes

231 2058 261 2101 ²³)
286 2057 344 2091 Ad
370 2068 431 2092 eos
457 2057 639 2102 epistulae
660 2057 830 2102 Sapphus
855 2067 936 2091 vers
939 2068 993 2099 us,
1019 2056 1083 2100 qui
1108 2068 1152 2091 ex
1171 2056 1287 2091 Paris
1278 2056 1348 2091 mis
1368 2056 1466 2091 codi-

139 2103 242 2138 cibus
281 2107 404 2138 17903.
457 2109 547 2139 7647
586 2104 707 2138 adhuc
745 2104 984 2138 innotuerant
1020 2106 1187 2138 —sunt
1225 2109 1278 2138 14.
1317 2108 1404 2138 31—
1411 2108 1466 2138 34.

139 2155 263 2194 65sq.
302 2155 355 2185 72.
394 2155 449 2185 81.
489 2155 635 2194 195sq.
674 2150 718 2185 cf.
758 2150 791 2185 S.
830 2150 871 2185 G.
912 2149 1146 2184 deVriesl.
1178 2150 1203 2184 1.
1235 2162 1270 2195 p
1304 2154 1323 2184 3
1345 2162 1397 2193 s.q
1431 2152 1468 2184 et

138 2197 182 2232 N.
208 2196 342 2239 Barim,
369 2197 414 2231 de
440 2197 610 2242 Sapphus
636 2197 798 2241 epistula
824 2197 899 2230 diss
905 2226 910 2231 .
936 2197 1054 2232 Berol.
1083 2202 1171 2231 1887
1198 2209 1232 2240 p.
1255 2202 1274 2231 6
1303 2218 1342 2221 —
1371 2208 1468 2230 nunc

139 2255 161 2278 a
191 2243 233 2278 R.
264 2243 394 2277 Ellisio
431 2243 646 2278 felicissima
684 2243 849 2277 sollertia
884 2243 1074 2278 inventum
1106 2243 1251 2278 accedit
1283 2243 1469 2277 distichon

140 2294 206 2325 133
227 2302 280 2334 sq.
313 2300 358 2324 ex
381 2289 497 2324 Paris.
524 2294 637 2324 11867
665 2292 775 2333 (saec.
801 2289 918 2334 XIII):
958 2291 1138 2326 Ulteriora
1168 2292 1279 2334 pudet
1303 2301 1465 2324 narrare.

138 2337 192 2371 Et
216 2338 324 2372 iuuat
349 2341 381 2372 et
405 2338 457 2372 sic
481 2341 514 2372 te
537 2348 611 2372 non
631 2338 711 2372 licet
729 2347 799 2372 esse
816 2338 916 2372 mihi.
956 2337 1001 2372 cf.
1019 2337 1173 2372 Journal
1193 2336 1234 2371 of
1249 2336 1379 2371 Philol.
1401 2336 1469 2369 XV

138 2394 174 2427 p.
201 2387 266 2418 247
288 2395 340 2427 sq.
