<?xml version="1.0" encoding="UTF-8"?>
<!DOCTYPE html PUBLIC "-//W3C//DTD XHTML 1.0 Transitional//EN"
    "http://www.w3.org/TR/xhtml1/DTD/xhtml1-transitional.dtd">
<html xmlns="http://www.w3.org/1999/xhtml" xml:lang="en" lang="en">
 <head>
  <title>
</title>
<meta http-equiv="Content-Type" content="text/html;charset=utf-8" />
  <meta name='ocr-system' content='tesseract 3.04.00' />
  <meta name='ocr-capabilities' content='ocr_page ocr_carea ocr_par ocr_line ocrx_word'/>
</head>
<body>
  <div class='ocr_page' id='page_1' title='image "./operaovid03oviduoft_0266.png"; bbox 0 0 1690 2656; ppageno 0'>
   <div class='ocr_carea' id='block_1_1' title="bbox 330 151 1216 196">
    <p class='ocr_par' dir='ltr' id='par_1_1' title="bbox 330 151 1216 196">
     <span class='ocr_line' id='line_1_1' title="bbox 330 151 1216 196; baseline -0.015 1"><span class='ocrx_word' id='word_1_1' title='bbox 330 155 415 196; x_wconf 81' lang='grc'>210</span> <span class='ocrx_word' id='word_1_2' title='bbox 784 153 885 187; x_wconf 79' lang='lat' dir='ltr'>ARS</span> <span class='ocrx_word' id='word_1_3' title='bbox 912 151 1216 186; x_wconf 85' lang='lat' dir='ltr'><strong>AMATORIA.</strong></span> 
     </span>
    </p>
   </div>
   <div class='ocr_carea' id='block_1_2' title="bbox 260 245 1673 2404">
    <p class='ocr_par' dir='ltr' id='par_1_2' title="bbox 260 245 1586 1294">
     <span class='ocr_line' id='line_1_2' title="bbox 332 245 1544 305; baseline -0.005 -13"><span class='ocrx_word' id='word_1_4' title='bbox 332 250 465 305; x_wconf 79' lang='lat' dir='ltr'>Saepe</span> <span class='ocrx_word' id='word_1_5' title='bbox 499 250 628 291; x_wconf 84' lang='lat' dir='ltr'>etiam</span> <span class='ocrx_word' id='word_1_6' title='bbox 661 247 876 302; x_wconf 77' lang='lat' dir='ltr'>dominae,</span> <span class='ocrx_word' id='word_1_7' title='bbox 908 247 1102 301; x_wconf 81' lang='lat' dir='ltr'>quamvis</span> <span class='ocrx_word' id='word_1_8' title='bbox 1133 246 1328 287; x_wconf 83' lang='lat' dir='ltr'>horrebis</span> <span class='ocrx_word' id='word_1_9' title='bbox 1361 248 1403 287; x_wconf 88' lang='lat' dir='ltr'>et</span> <span class='ocrx_word' id='word_1_10' title='bbox 1433 245 1544 300; x_wconf 78' lang='lat' dir='ltr'>ipse,</span> 
     </span>
     <span class='ocr_line' id='line_1_3' title="bbox 389 305 1284 364; baseline -0.006 -14"><span class='ocrx_word' id='word_1_11' title='bbox 389 309 566 364; x_wconf 87' lang='lat' dir='ltr'>Algenti</span> <span class='ocrx_word' id='word_1_12' title='bbox 599 321 749 348; x_wconf 85' lang='lat' dir='ltr'>manus</span> <span class='ocrx_word' id='word_1_13' title='bbox 782 309 848 347; x_wconf 90' lang='lat' dir='ltr'>est</span> <span class='ocrx_word' id='word_1_14' title='bbox 879 305 1140 346; x_wconf 81' lang='lat' dir='ltr'>calfacienda</span> <span class='ocrx_word' id='word_1_15' title='bbox 1171 305 1284 359; x_wconf 82' lang='lat' dir='ltr'>sinu3</span> 
     </span>
     <span class='ocr_line' id='line_1_4' title="bbox 260 361 1586 420; baseline -0.005 -11"><span class='ocrx_word' id='word_1_16' title='bbox 260 379 310 404; x_wconf 72' lang='lat'>215</span> <span class='ocrx_word' id='word_1_17' title='bbox 331 367 421 409; x_wconf 85' lang='lat' dir='ltr'>Nec</span> <span class='ocrx_word' id='word_1_18' title='bbox 454 367 534 407; x_wconf 85' lang='lat' dir='ltr'>tibi</span> <span class='ocrx_word' id='word_1_19' title='bbox 566 369 690 420; x_wconf 86' lang='lat' dir='ltr'>turpe</span> <span class='ocrx_word' id='word_1_20' title='bbox 722 367 845 420; x_wconf 77' lang='lat' dir='ltr'>puta,</span> <span class='ocrx_word' id='word_1_21' title='bbox 877 364 1089 418; x_wconf 81' lang='lat' dir='ltr'>(quamvis</span> <span class='ocrx_word' id='word_1_22' title='bbox 1123 363 1179 405; x_wconf 87' lang='lat' dir='ltr'>sit</span> <span class='ocrx_word' id='word_1_23' title='bbox 1210 366 1352 418; x_wconf 80' lang='lat' dir='ltr'>turpe,</span> <span class='ocrx_word' id='word_1_24' title='bbox 1382 361 1586 417; x_wconf 83' lang='lat' dir='ltr'>placebit)</span> 
     </span>
     <span class='ocr_line' id='line_1_5' title="bbox 391 422 1296 480; baseline -0.006 -14"><span class='ocrx_word' id='word_1_25' title='bbox 391 425 580 480; x_wconf 85' lang='lat' dir='ltr'>Ingenua</span> <span class='ocrx_word' id='word_1_26' title='bbox 612 423 832 478; x_wconf 89' lang='lat' dir='ltr'>speculum</span> <span class='ocrx_word' id='word_1_27' title='bbox 865 422 1119 464; x_wconf 72' lang='lat' dir='ltr'>sustinuisse</span> <span class='ocrx_word' id='word_1_28' title='bbox 1151 422 1296 463; x_wconf 80' lang='lat' dir='ltr'>manu!</span> 
     </span>
     <span class='ocr_line' id='line_1_6' title="bbox 330 481 1372 537; baseline -0.003 -13"><span class='ocrx_word' id='word_1_29' title='bbox 330 484 426 537; x_wconf 79' lang='lat' dir='ltr'>Ille,</span> <span class='ocrx_word' id='word_1_30' title='bbox 456 483 641 537; x_wconf 79' lang='lat' dir='ltr'>fatigata</span> <span class='ocrx_word' id='word_1_31' title='bbox 672 481 914 536; x_wconf 84' lang='lat' dir='ltr'>praebendo</span> <span class='ocrx_word' id='word_1_32' title='bbox 947 484 1140 522; x_wconf 83' lang='lat' dir='ltr'>monstra</span> <span class='ocrx_word' id='word_1_33' title='bbox 1169 494 1372 534; x_wconf 75' lang='lat' dir='ltr'>noverca,</span> 
     </span>
     <span class='ocr_line' id='line_1_7' title="bbox 391 537 1441 594; baseline -0.003 -12"><span class='ocrx_word' id='word_1_34' title='bbox 391 541 471 590; x_wconf 74' lang='lat' dir='ltr'>Qui</span> <span class='ocrx_word' id='word_1_35' title='bbox 504 541 661 582; x_wconf 86' lang='lat' dir='ltr'>meruit</span> <span class='ocrx_word' id='word_1_36' title='bbox 693 540 874 594; x_wconf 69' lang='lat' dir='ltr'>caelum,</span> <span class='ocrx_word' id='word_1_37' title='bbox 907 540 1019 593; x_wconf 90' lang='lat' dir='ltr'>quod</span> <span class='ocrx_word' id='word_1_38' title='bbox 1050 539 1168 593; x_wconf 85' lang='lat' dir='ltr'>prior</span> <span class='ocrx_word' id='word_1_39' title='bbox 1199 538 1290 592; x_wconf 86' lang='lat' dir='ltr'>ipse</span> <span class='ocrx_word' id='word_1_40' title='bbox 1322 537 1441 592; x_wconf 77' lang='lat' dir='ltr'>tulit,</span> 
     </span>
     <span class='ocr_line' id='line_1_8' title="bbox 331 597 1340 651; baseline -0.002 -11"><span class='ocrx_word' id='word_1_41' title='bbox 331 600 449 641; x_wconf 84' lang='lat' dir='ltr'>Inter</span> <span class='ocrx_word' id='word_1_42' title='bbox 481 599 675 640; x_wconf 77' lang='lat' dir='ltr'>Ioniacas</span> <span class='ocrx_word' id='word_1_43' title='bbox 709 598 926 640; x_wconf 81' lang='lat' dir='ltr'>calathum</span> <span class='ocrx_word' id='word_1_44' title='bbox 958 598 1145 639; x_wconf 88' lang='lat' dir='ltr'>tenuisse</span> <span class='ocrx_word' id='word_1_45' title='bbox 1177 597 1340 651; x_wconf 85' lang='lat' dir='ltr'>puellas</span> 
     </span>
     <span class='ocr_line' id='line_1_9' title="bbox 261 656 1259 710; baseline -0.003 -11"><span class='ocrx_word' id='word_1_46' title='bbox 261 670 312 694; x_wconf 58' lang='lat'>22⁴³</span> <span class='ocrx_word' id='word_1_47' title='bbox 391 658 589 700; x_wconf 84' lang='lat' dir='ltr'>Creditur</span> <span class='ocrx_word' id='word_1_48' title='bbox 621 661 663 698; x_wconf 87' lang='lat' dir='ltr'>et</span> <span class='ocrx_word' id='word_1_49' title='bbox 692 658 812 698; x_wconf 84' lang='lat' dir='ltr'>lanas</span> <span class='ocrx_word' id='word_1_50' title='bbox 847 656 1081 697; x_wconf 80' lang='lat' dir='ltr'>excoluisse</span> <span class='ocrx_word' id='word_1_51' title='bbox 1113 656 1259 710; x_wconf 72' lang='lat' dir='ltr'>rudes3</span> 
     </span>
     <span class='ocr_line' id='line_1_10' title="bbox 331 714 1376 770; baseline -0.003 -13"><span class='ocrx_word' id='word_1_52' title='bbox 331 716 481 757; x_wconf 86' lang='lat' dir='ltr'>Paruit</span> <span class='ocrx_word' id='word_1_53' title='bbox 511 716 692 770; x_wconf 74' lang='lat' dir='ltr'>imperio</span> <span class='ocrx_word' id='word_1_54' title='bbox 725 715 920 756; x_wconf 85' lang='lat' dir='ltr'>dominae</span> <span class='ocrx_word' id='word_1_55' title='bbox 953 714 1202 769; x_wconf 73' lang='lat' dir='ltr'>Tirynthius</span> <span class='ocrx_word' id='word_1_56' title='bbox 1232 714 1376 755; x_wconf 91' lang='lat' dir='ltr'>heros:</span> 
     </span>
     <span class='ocr_line' id='line_1_11' title="bbox 389 772 1364 827; baseline -0.004 -11"><span class='ocrx_word' id='word_1_57' title='bbox 389 775 409 815; x_wconf 88' lang='lat' dir='ltr'>I</span> <span class='ocrx_word' id='word_1_58' title='bbox 440 789 552 816; x_wconf 83' lang='lat' dir='ltr'>nunc</span> <span class='ocrx_word' id='word_1_59' title='bbox 585 778 627 815; x_wconf 90' lang='lat' dir='ltr'>et</span> <span class='ocrx_word' id='word_1_60' title='bbox 660 774 809 815; x_wconf 84' lang='lat' dir='ltr'>dubita</span> <span class='ocrx_word' id='word_1_61' title='bbox 840 773 949 814; x_wconf 83' lang='lat' dir='ltr'>ferre</span> <span class='ocrx_word' id='word_1_62' title='bbox 959 807 969 827; x_wconf 65' lang='lat'><em>7</em></span> <span class='ocrx_word' id='word_1_63' title='bbox 1001 773 1115 827; x_wconf 90' lang='lat' dir='ltr'>quod</span> <span class='ocrx_word' id='word_1_64' title='bbox 1144 772 1216 813; x_wconf 88' lang='lat' dir='ltr'>ille</span> <span class='ocrx_word' id='word_1_65' title='bbox 1248 772 1364 813; x_wconf 89' lang='lat' dir='ltr'>tulit!</span> 
     </span>
     <span class='ocr_line' id='line_1_12' title="bbox 331 831 1314 874; baseline -0.003 0"><span class='ocrx_word' id='word_1_66' title='bbox 331 834 478 874; x_wconf 84' lang='lat' dir='ltr'>Iussus</span> <span class='ocrx_word' id='word_1_67' title='bbox 513 833 658 874; x_wconf 88' lang='lat' dir='ltr'>adesse</span> <span class='ocrx_word' id='word_1_68' title='bbox 691 832 784 873; x_wconf 89' lang='lat' dir='ltr'>foro</span> <span class='ocrx_word' id='word_1_69' title='bbox 817 832 934 873; x_wconf 85' lang='lat' dir='ltr'>iussa</span> <span class='ocrx_word' id='word_1_70' title='bbox 967 831 1175 872; x_wconf 86' lang='lat' dir='ltr'>maturius</span> <span class='ocrx_word' id='word_1_71' title='bbox 1207 831 1314 872; x_wconf 85' lang='lat' dir='ltr'>hora</span> 
     </span>
     <span class='ocr_line' id='line_1_13' title="bbox 390 889 1346 946; baseline -0.004 -13"><span class='ocrx_word' id='word_1_72' title='bbox 390 892 475 933; x_wconf 85' lang='lat' dir='ltr'>Fac</span> <span class='ocrx_word' id='word_1_73' title='bbox 510 906 676 946; x_wconf 81' lang='lat' dir='ltr'>semper</span> <span class='ocrx_word' id='word_1_74' title='bbox 706 891 851 932; x_wconf 75' lang='lat' dir='ltr'>venias</span> <span class='ocrx_word' id='word_1_75' title='bbox 883 905 960 931; x_wconf 88' lang='lat' dir='ltr'>nec</span> <span class='ocrx_word' id='word_1_76' title='bbox 991 890 1075 930; x_wconf 89' lang='lat' dir='ltr'>nisi</span> <span class='ocrx_word' id='word_1_77' title='bbox 1109 904 1226 930; x_wconf 88' lang='lat' dir='ltr'>serus</span> <span class='ocrx_word' id='word_1_78' title='bbox 1260 889 1346 930; x_wconf 82' lang='lat' dir='ltr'>abi!</span> 
     </span>
     <span class='ocr_line' id='line_1_14' title="bbox 261 947 1393 1004; baseline -0.003 -12"><span class='ocrx_word' id='word_1_79' title='bbox 261 962 311 986; x_wconf 74' lang='lat'>225</span> <span class='ocrx_word' id='word_1_80' title='bbox 333 950 540 992; x_wconf 79' lang='lat' dir='ltr'>Occurras</span> <span class='ocrx_word' id='word_1_81' title='bbox 573 950 735 1004; x_wconf 81' lang='lat' dir='ltr'>aliquo,</span> <span class='ocrx_word' id='word_1_82' title='bbox 766 949 846 990; x_wconf 85' lang='lat' dir='ltr'>tibi</span> <span class='ocrx_word' id='word_1_83' title='bbox 880 948 1050 989; x_wconf 78' lang='lat' dir='ltr'>dixerit:</span> <span class='ocrx_word' id='word_1_84' title='bbox 1084 947 1226 988; x_wconf 83' lang='lat' dir='ltr'>omnia</span> <span class='ocrx_word' id='word_1_85' title='bbox 1259 947 1393 989; x_wconf 81' lang='lat' dir='ltr'>differ!</span> 
     </span>
     <span class='ocr_line' id='line_1_15' title="bbox 391 1006 1411 1062; baseline -0.002 -13"><span class='ocrx_word' id='word_1_86' title='bbox 391 1008 521 1050; x_wconf 77' lang='lat' dir='ltr'>Curre</span> <span class='ocrx_word' id='word_1_87' title='bbox 531 1043 541 1062; x_wconf 66' lang='lat'><em>7</em></span> <span class='ocrx_word' id='word_1_88' title='bbox 571 1023 649 1049; x_wconf 89' lang='lat' dir='ltr'>nec</span> <span class='ocrx_word' id='word_1_89' title='bbox 680 1008 899 1061; x_wconf 85' lang='lat' dir='ltr'>inceptum</span> <span class='ocrx_word' id='word_1_90' title='bbox 932 1007 1060 1047; x_wconf 83' lang='lat' dir='ltr'>turba</span> <span class='ocrx_word' id='word_1_91' title='bbox 1091 1009 1283 1046; x_wconf 89' lang='lat' dir='ltr'>moretur</span> <span class='ocrx_word' id='word_1_92' title='bbox 1312 1006 1411 1047; x_wconf 84' lang='lat' dir='ltr'>iter!</span> 
     </span>
     <span class='ocr_line' id='line_1_16' title="bbox 330 1064 1532 1120; baseline -0.002 -12"><span class='ocrx_word' id='word_1_93' title='bbox 330 1066 469 1108; x_wconf 85' lang='lat' dir='ltr'>Nocte</span> <span class='ocrx_word' id='word_1_94' title='bbox 503 1067 676 1107; x_wconf 90' lang='lat' dir='ltr'>domum</span> <span class='ocrx_word' id='word_1_95' title='bbox 708 1069 903 1120; x_wconf 87' lang='lat' dir='ltr'>repetens</span> <span class='ocrx_word' id='word_1_96' title='bbox 936 1064 1072 1119; x_wconf 88' lang='lat' dir='ltr'>epulis</span> <span class='ocrx_word' id='word_1_97' title='bbox 1103 1064 1329 1118; x_wconf 87' lang='lat' dir='ltr'>perfuncta</span> <span class='ocrx_word' id='word_1_98' title='bbox 1359 1065 1532 1106; x_wconf 92' lang='lat' dir='ltr'>redibit:</span> 
     </span>
     <span class='ocr_line' id='line_1_17' title="bbox 388 1122 1483 1178; baseline -0.002 -12"><span class='ocrx_word' id='word_1_99' title='bbox 388 1125 505 1166; x_wconf 87' lang='lat' dir='ltr'>Tunc</span> <span class='ocrx_word' id='word_1_100' title='bbox 540 1139 708 1178; x_wconf 87' lang='lat' dir='ltr'>quoque</span> <span class='ocrx_word' id='word_1_101' title='bbox 739 1138 816 1178; x_wconf 88' lang='lat' dir='ltr'>pro</span> <span class='ocrx_word' id='word_1_102' title='bbox 851 1138 971 1164; x_wconf 84' lang='lat' dir='ltr'>servo</span> <span class='ocrx_word' id='word_1_103' title='bbox 982 1157 991 1177; x_wconf 79' lang='grc'>,</span> <span class='ocrx_word' id='word_1_104' title='bbox 1024 1123 1059 1163; x_wconf 91' lang='lat' dir='ltr'>si</span> <span class='ocrx_word' id='word_1_105' title='bbox 1091 1126 1217 1163; x_wconf 76' lang='lat' dir='ltr'>vocat</span> <span class='ocrx_word' id='word_1_106' title='bbox 1248 1122 1339 1173; x_wconf 80' lang='lat' dir='ltr'>illa,</span> <span class='ocrx_word' id='word_1_107' title='bbox 1371 1123 1483 1164; x_wconf 77' lang='lat' dir='ltr'>veni!</span> 
     </span>
     <span class='ocr_line' id='line_1_18' title="bbox 330 1179 1519 1237; baseline -0.002 -13"><span class='ocrx_word' id='word_1_108' title='bbox 330 1184 444 1224; x_wconf 84' lang='lat' dir='ltr'>Rure</span> <span class='ocrx_word' id='word_1_109' title='bbox 477 1183 558 1224; x_wconf 88' lang='lat' dir='ltr'>erit</span> <span class='ocrx_word' id='word_1_110' title='bbox 591 1187 632 1224; x_wconf 91' lang='lat' dir='ltr'>et</span> <span class='ocrx_word' id='word_1_111' title='bbox 665 1182 776 1223; x_wconf 88' lang='lat' dir='ltr'>dicet</span> <span class='ocrx_word' id='word_1_112' title='bbox 809 1181 1166 1237; x_wconf 68' lang='lat' dir='ltr'>‘ve1nas’(Amor</span> <span class='ocrx_word' id='word_1_113' title='bbox 1200 1180 1289 1221; x_wconf 88' lang='lat' dir='ltr'>odit</span> <span class='ocrx_word' id='word_1_114' title='bbox 1320 1179 1519 1234; x_wconf 79' lang='lat' dir='ltr'>inertes):</span> 
     </span>
     <span class='ocr_line' id='line_1_19' title="bbox 260 1239 1331 1294; baseline -0.004 -11"><span class='ocrx_word' id='word_1_115' title='bbox 260 1253 312 1278; x_wconf 79' lang='lat'>230</span> <span class='ocrx_word' id='word_1_116' title='bbox 392 1241 437 1283; x_wconf 72' lang='lat' dir='ltr'>Si</span> <span class='ocrx_word' id='word_1_117' title='bbox 469 1246 564 1282; x_wconf 81' lang='lat' dir='ltr'>rota</span> <span class='ocrx_word' id='word_1_118' title='bbox 597 1240 795 1294; x_wconf 79' lang='lat' dir='ltr'>defuerit,</span> <span class='ocrx_word' id='word_1_119' title='bbox 827 1243 875 1280; x_wconf 91' lang='lat' dir='ltr'>tu</span> <span class='ocrx_word' id='word_1_120' title='bbox 905 1240 1010 1294; x_wconf 84' lang='lat' dir='ltr'>pede</span> <span class='ocrx_word' id='word_1_121' title='bbox 1043 1253 1167 1293; x_wconf 82' lang='lat' dir='ltr'>carpe</span> <span class='ocrx_word' id='word_1_122' title='bbox 1199 1239 1331 1292; x_wconf 77' lang='lat' dir='ltr'>viam,</span> 
     </span>
    </p>

    <p class='ocr_par' dir='ltr' id='par_1_3' title="bbox 261 1295 1532 1645">
     <span class='ocr_line' id='line_1_20' title="bbox 331 1295 1532 1355; baseline -0.002 -14"><span class='ocrx_word' id='word_1_123' title='bbox 331 1300 419 1341; x_wconf 74' lang='lat' dir='ltr'>Nec</span> <span class='ocrx_word' id='word_1_124' title='bbox 455 1314 581 1355; x_wconf 72' lang='lat' dir='ltr'>grave</span> <span class='ocrx_word' id='word_1_125' title='bbox 613 1303 654 1340; x_wconf 92' lang='lat' dir='ltr'>te</span> <span class='ocrx_word' id='word_1_126' title='bbox 687 1302 856 1353; x_wconf 87' lang='lat' dir='ltr'>tempus</span> <span class='ocrx_word' id='word_1_127' title='bbox 890 1298 1122 1351; x_wconf 87' lang='lat' dir='ltr'>sitiensque</span> <span class='ocrx_word' id='word_1_128' title='bbox 1156 1295 1360 1338; x_wconf 79' lang='lat' dir='ltr'>Canicula</span> <span class='ocrx_word' id='word_1_129' title='bbox 1391 1298 1532 1338; x_wconf 89' lang='lat' dir='ltr'>tardet</span> 
     </span>
     <span class='ocr_line' id='line_1_21' title="bbox 389 1355 1368 1412; baseline -0.003 -13"><span class='ocrx_word' id='word_1_130' title='bbox 389 1358 479 1399; x_wconf 88' lang='lat' dir='ltr'>Nec</span> <span class='ocrx_word' id='word_1_131' title='bbox 512 1359 579 1399; x_wconf 83' lang='lat' dir='ltr'>via</span> <span class='ocrx_word' id='word_1_132' title='bbox 611 1372 686 1412; x_wconf 88' lang='lat' dir='ltr'>per</span> <span class='ocrx_word' id='word_1_133' title='bbox 716 1358 850 1398; x_wconf 88' lang='lat' dir='ltr'>iactas</span> <span class='ocrx_word' id='word_1_134' title='bbox 884 1357 1063 1398; x_wconf 84' lang='lat' dir='ltr'>candida</span> <span class='ocrx_word' id='word_1_135' title='bbox 1093 1355 1208 1396; x_wconf 83' lang='lat' dir='ltr'>facta</span> <span class='ocrx_word' id='word_1_136' title='bbox 1237 1355 1368 1397; x_wconf 73' lang='lat' dir='ltr'>nives,</span> 
     </span>
     <span class='ocr_line' id='line_1_22' title="bbox 330 1414 1426 1471; baseline -0.004 -13"><span class='ocrx_word' id='word_1_137' title='bbox 330 1417 511 1458; x_wconf 75' lang='lat' dir='ltr'>Militiae</span> <span class='ocrx_word' id='word_1_138' title='bbox 544 1416 704 1471; x_wconf 85' lang='lat' dir='ltr'>species</span> <span class='ocrx_word' id='word_1_139' title='bbox 738 1430 858 1456; x_wconf 83' lang='lat' dir='ltr'>amor</span> <span class='ocrx_word' id='word_1_140' title='bbox 890 1418 971 1456; x_wconf 86' lang='lat' dir='ltr'>est:</span> <span class='ocrx_word' id='word_1_141' title='bbox 1005 1414 1226 1468; x_wconf 70' lang='lat' dir='ltr'>discedite,</span> <span class='ocrx_word' id='word_1_142' title='bbox 1258 1415 1426 1470; x_wconf 78' lang='lat' dir='ltr'>segnes!</span> 
     </span>
     <span class='ocr_line' id='line_1_23' title="bbox 389 1473 1447 1527; baseline -0.002 -11"><span class='ocrx_word' id='word_1_143' title='bbox 389 1476 490 1516; x_wconf 86' lang='lat' dir='ltr'>Non</span> <span class='ocrx_word' id='word_1_144' title='bbox 522 1478 621 1516; x_wconf 89' lang='lat' dir='ltr'>sunt</span> <span class='ocrx_word' id='word_1_145' title='bbox 651 1475 756 1515; x_wconf 87' lang='lat' dir='ltr'>haec</span> <span class='ocrx_word' id='word_1_146' title='bbox 789 1473 950 1515; x_wconf 90' lang='lat' dir='ltr'>timidis</span> <span class='ocrx_word' id='word_1_147' title='bbox 984 1473 1107 1527; x_wconf 87' lang='lat' dir='ltr'>signa</span> <span class='ocrx_word' id='word_1_148' title='bbox 1138 1473 1295 1513; x_wconf 86' lang='lat' dir='ltr'>tuenda</span> <span class='ocrx_word' id='word_1_149' title='bbox 1327 1473 1447 1527; x_wconf 76' lang='lat' dir='ltr'>viris3</span> 
     </span>
     <span class='ocr_line' id='line_1_24' title="bbox 261 1531 1526 1587; baseline -0.002 -12"><span class='ocrx_word' id='word_1_150' title='bbox 261 1534 428 1575; x_wconf 62' lang='lat' dir='ltr'>2351Nox</span> <span class='ocrx_word' id='word_1_151' title='bbox 462 1537 503 1574; x_wconf 92' lang='lat' dir='ltr'>et</span> <span class='ocrx_word' id='word_1_152' title='bbox 535 1533 700 1587; x_wconf 85' lang='lat' dir='ltr'>hiemps</span> <span class='ocrx_word' id='word_1_153' title='bbox 732 1533 970 1587; x_wconf 81' lang='lat' dir='ltr'>longaeque</span> <span class='ocrx_word' id='word_1_154' title='bbox 1003 1532 1095 1572; x_wconf 75' lang='lat' dir='ltr'>viae</span> <span class='ocrx_word' id='word_1_155' title='bbox 1129 1531 1326 1585; x_wconf 85' lang='lat' dir='ltr'>saevique</span> <span class='ocrx_word' id='word_1_156' title='bbox 1359 1531 1526 1573; x_wconf 88' lang='lat' dir='ltr'>dolores</span> 
     </span>
     <span class='ocr_line' id='line_1_25' title="bbox 389 1589 1436 1645; baseline -0.004 -12"><span class='ocrx_word' id='word_1_157' title='bbox 389 1592 592 1633; x_wconf 85' lang='lat' dir='ltr'>Mollibus</span> <span class='ocrx_word' id='word_1_158' title='bbox 624 1592 691 1632; x_wconf 91' lang='lat' dir='ltr'>his</span> <span class='ocrx_word' id='word_1_159' title='bbox 725 1591 876 1633; x_wconf 84' lang='lat' dir='ltr'>castris</span> <span class='ocrx_word' id='word_1_160' title='bbox 909 1594 951 1631; x_wconf 89' lang='lat' dir='ltr'>et</span> <span class='ocrx_word' id='word_1_161' title='bbox 981 1590 1105 1630; x_wconf 82' lang='lat' dir='ltr'>labor</span> <span class='ocrx_word' id='word_1_162' title='bbox 1137 1589 1275 1630; x_wconf 87' lang='lat' dir='ltr'>omnis</span> <span class='ocrx_word' id='word_1_163' title='bbox 1306 1589 1436 1645; x_wconf 78' lang='lat' dir='ltr'>inest3</span> 
     </span>
    </p>

    <p class='ocr_par' dir='ltr' id='par_1_4' title="bbox 261 1647 1673 2404">
     <span class='ocr_line' id='line_1_26' title="bbox 332 1647 1391 1705; baseline -0.005 -13"><span class='ocrx_word' id='word_1_164' title='bbox 332 1650 465 1705; x_wconf 74' lang='lat' dir='ltr'>Saepe</span> <span class='ocrx_word' id='word_1_165' title='bbox 497 1650 606 1691; x_wconf 83' lang='lat' dir='ltr'>feres</span> <span class='ocrx_word' id='word_1_166' title='bbox 639 1650 821 1690; x_wconf 84' lang='lat' dir='ltr'>imbrem</span> <span class='ocrx_word' id='word_1_167' title='bbox 854 1648 1026 1690; x_wconf 84' lang='lat' dir='ltr'>caelesti</span> <span class='ocrx_word' id='word_1_168' title='bbox 1057 1648 1169 1688; x_wconf 88' lang='lat' dir='ltr'>nube</span> <span class='ocrx_word' id='word_1_169' title='bbox 1203 1647 1391 1688; x_wconf 88' lang='lat' dir='ltr'>solutum</span> 
     </span>
     <span class='ocr_line' id='line_1_27' title="bbox 389 1705 1330 1764; baseline -0.003 -15"><span class='ocrx_word' id='word_1_170' title='bbox 389 1709 590 1764; x_wconf 80' lang='lat' dir='ltr'>Frigidus</span> <span class='ocrx_word' id='word_1_171' title='bbox 623 1711 665 1749; x_wconf 88' lang='lat' dir='ltr'>et</span> <span class='ocrx_word' id='word_1_172' title='bbox 696 1708 809 1748; x_wconf 81' lang='lat' dir='ltr'>nuda</span> <span class='ocrx_word' id='word_1_173' title='bbox 842 1721 966 1761; x_wconf 88' lang='lat' dir='ltr'>saepe</span> <span class='ocrx_word' id='word_1_174' title='bbox 997 1706 1156 1747; x_wconf 83' lang='lat' dir='ltr'>iacebis</span> <span class='ocrx_word' id='word_1_175' title='bbox 1187 1705 1330 1747; x_wconf 87' lang='lat' dir='ltr'>humo.</span> 
     </span>
     <span class='ocr_line' id='line_1_28' title="bbox 332 1763 1339 1823; baseline -0.004 -15"><span class='ocrx_word' id='word_1_176' title='bbox 332 1767 542 1823; x_wconf 81' lang='lat' dir='ltr'>Cynthius</span> <span class='ocrx_word' id='word_1_177' title='bbox 574 1766 748 1807; x_wconf 82' lang='lat' dir='ltr'>Admeti</span> <span class='ocrx_word' id='word_1_178' title='bbox 780 1780 930 1807; x_wconf 82' lang='lat' dir='ltr'>vaccas</span> <span class='ocrx_word' id='word_1_179' title='bbox 961 1765 1128 1818; x_wconf 76' lang='lat' dir='ltr'>pavisse</span> <span class='ocrx_word' id='word_1_180' title='bbox 1160 1763 1339 1805; x_wconf 83' lang='lat' dir='ltr'>Pheraei</span> 
     </span>
     <span class='ocr_line' id='line_1_29' title="bbox 261 1823 1255 1879; baseline -0.004 -12"><span class='ocrx_word' id='word_1_181' title='bbox 261 1838 311 1861; x_wconf 31' lang='lat'>2⁷10</span> <span class='ocrx_word' id='word_1_182' title='bbox 390 1826 545 1867; x_wconf 84' lang='lat' dir='ltr'>Fertur</span> <span class='ocrx_word' id='word_1_183' title='bbox 577 1828 619 1866; x_wconf 89' lang='lat' dir='ltr'>et</span> <span class='ocrx_word' id='word_1_184' title='bbox 650 1825 695 1865; x_wconf 88' lang='lat' dir='ltr'>in</span> <span class='ocrx_word' id='word_1_185' title='bbox 726 1839 858 1879; x_wconf 81' lang='lat' dir='ltr'>parva</span> <span class='ocrx_word' id='word_1_186' title='bbox 889 1823 1107 1864; x_wconf 86' lang='lat' dir='ltr'>delituisse</span> <span class='ocrx_word' id='word_1_187' title='bbox 1141 1837 1255 1864; x_wconf 81' lang='lat' dir='ltr'>casa:</span> 
     </span>
     <span class='ocr_line' id='line_1_30' title="bbox 332 1881 1673 1937; baseline -0.001 -12"><span class='ocrx_word' id='word_1_188' title='bbox 332 1884 453 1933; x_wconf 80' lang='lat' dir='ltr'>Quod</span> <span class='ocrx_word' id='word_1_189' title='bbox 485 1884 706 1924; x_wconf 88' lang='lat' dir='ltr'>Phoebum</span> <span class='ocrx_word' id='word_1_190' title='bbox 738 1882 896 1935; x_wconf 79' lang='lat' dir='ltr'>decuit,</span> <span class='ocrx_word' id='word_1_191' title='bbox 932 1896 1057 1935; x_wconf 87' lang='lat' dir='ltr'>quem</span> <span class='ocrx_word' id='word_1_192' title='bbox 1088 1895 1175 1922; x_wconf 91' lang='lat' dir='ltr'>non</span> <span class='ocrx_word' id='word_1_193' title='bbox 1206 1881 1355 1922; x_wconf 75' lang='lat' dir='ltr'>decet?</span> <span class='ocrx_word' id='word_1_194' title='bbox 1387 1896 1491 1923; x_wconf 85' lang='lat' dir='ltr'>exue</span> <span class='ocrx_word' id='word_1_195' title='bbox 1523 1881 1673 1937; x_wconf 75' lang='lat' dir='ltr'>fastus,</span> 
     </span>
     <span class='ocr_line' id='line_1_31' title="bbox 391 1939 1363 1994; baseline -0.003 -11"><span class='ocrx_word' id='word_1_196' title='bbox 391 1942 547 1983; x_wconf 77' lang='lat' dir='ltr'>Curam</span> <span class='ocrx_word' id='word_1_197' title='bbox 578 1940 768 1983; x_wconf 82' lang='lat' dir='ltr'>mansuri</span> <span class='ocrx_word' id='word_1_198' title='bbox 801 1940 993 1994; x_wconf 89' lang='lat' dir='ltr'>quisquis</span> <span class='ocrx_word' id='word_1_199' title='bbox 1026 1940 1183 1981; x_wconf 84' lang='lat' dir='ltr'>amoris</span> <span class='ocrx_word' id='word_1_200' title='bbox 1214 1939 1363 1981; x_wconf 81' lang='lat' dir='ltr'>habes!</span> 
     </span>
     <span class='ocr_line' id='line_1_32' title="bbox 334 1998 1430 2054; baseline -0.004 -12"><span class='ocrx_word' id='word_1_201' title='bbox 334 2000 378 2042; x_wconf 74' lang='lat' dir='ltr'>Si</span> <span class='ocrx_word' id='word_1_202' title='bbox 410 2001 490 2041; x_wconf 86' lang='lat' dir='ltr'>tibi</span> <span class='ocrx_word' id='word_1_203' title='bbox 521 2015 596 2054; x_wconf 87' lang='lat' dir='ltr'>per</span> <span class='ocrx_word' id='word_1_204' title='bbox 627 2002 770 2041; x_wconf 85' lang='lat' dir='ltr'>tutum</span> <span class='ocrx_word' id='word_1_205' title='bbox 800 1999 1059 2054; x_wconf 84' lang='lat' dir='ltr'>planumque</span> <span class='ocrx_word' id='word_1_206' title='bbox 1090 1998 1320 2053; x_wconf 82' lang='lat' dir='ltr'>negabitur</span> <span class='ocrx_word' id='word_1_207' title='bbox 1349 1998 1430 2052; x_wconf 82' lang='lat' dir='ltr'>ire,</span> 
     </span>
     <span class='ocr_line' id='line_1_33' title="bbox 390 2056 1320 2112; baseline -0.003 -13"><span class='ocrx_word' id='word_1_208' title='bbox 390 2059 532 2112; x_wconf 84' lang='lat' dir='ltr'>Atque</span> <span class='ocrx_word' id='word_1_209' title='bbox 566 2058 646 2102; x_wconf 79' lang='lat' dir='ltr'>erit</span> <span class='ocrx_word' id='word_1_210' title='bbox 679 2057 877 2112; x_wconf 84' lang='lat' dir='ltr'>opposita</span> <span class='ocrx_word' id='word_1_211' title='bbox 907 2057 1036 2097; x_wconf 85' lang='lat' dir='ltr'>ianua</span> <span class='ocrx_word' id='word_1_212' title='bbox 1066 2056 1177 2097; x_wconf 85' lang='lat' dir='ltr'>fulta</span> <span class='ocrx_word' id='word_1_213' title='bbox 1209 2071 1320 2111; x_wconf 72' lang='lat' dir='ltr'>sera,</span> 
     </span>
     <span class='ocr_line' id='line_1_34' title="bbox 262 2115 1382 2171; baseline -0.004 -12"><span class='ocrx_word' id='word_1_214' title='bbox 262 2128 312 2154; x_wconf 70' lang='lat'>245</span> <span class='ocrx_word' id='word_1_215' title='bbox 331 2117 391 2159; x_wconf 90' lang='lat' dir='ltr'>At</span> <span class='ocrx_word' id='word_1_216' title='bbox 423 2120 470 2157; x_wconf 87' lang='lat' dir='ltr'>tu</span> <span class='ocrx_word' id='word_1_217' title='bbox 501 2131 576 2170; x_wconf 90' lang='lat' dir='ltr'>per</span> <span class='ocrx_word' id='word_1_218' title='bbox 608 2131 809 2171; x_wconf 84' lang='lat' dir='ltr'>praeceps</span> <span class='ocrx_word' id='word_1_219' title='bbox 841 2118 956 2157; x_wconf 91' lang='lat' dir='ltr'>tecto</span> <span class='ocrx_word' id='word_1_220' title='bbox 990 2115 1183 2156; x_wconf 82' lang='lat' dir='ltr'>delabere</span> <span class='ocrx_word' id='word_1_221' title='bbox 1216 2117 1382 2169; x_wconf 82' lang='lat' dir='ltr'>aperto,</span> 
     </span>
     <span class='ocr_line' id='line_1_35' title="bbox 391 2173 1357 2228; baseline -0.002 -13"><span class='ocrx_word' id='word_1_222' title='bbox 391 2175 475 2216; x_wconf 89' lang='lat' dir='ltr'>Det</span> <span class='ocrx_word' id='word_1_223' title='bbox 508 2189 675 2228; x_wconf 89' lang='lat' dir='ltr'>quoque</span> <span class='ocrx_word' id='word_1_224' title='bbox 706 2174 887 2215; x_wconf 85' lang='lat' dir='ltr'>furtivas</span> <span class='ocrx_word' id='word_1_225' title='bbox 920 2174 1008 2215; x_wconf 89' lang='lat' dir='ltr'>alta-</span> <span class='ocrx_word' id='word_1_226' title='bbox 1038 2173 1226 2214; x_wconf 84' lang='lat' dir='ltr'>fenestra</span> <span class='ocrx_word' id='word_1_227' title='bbox 1255 2173 1357 2214; x_wconf 72' lang='lat' dir='ltr'>vias.</span> 
     </span>
     <span class='ocr_line' id='line_1_36' title="bbox 332 2230 1520 2285; baseline -0.003 -11"><span class='ocrx_word' id='word_1_228' title='bbox 332 2234 465 2274; x_wconf 81' lang='lat' dir='ltr'>Laeta</span> <span class='ocrx_word' id='word_1_229' title='bbox 498 2233 595 2273; x_wconf 87' lang='lat' dir='ltr'>erit:</span> <span class='ocrx_word' id='word_1_230' title='bbox 628 2236 670 2273; x_wconf 83' lang='lat' dir='ltr'>et</span> <span class='ocrx_word' id='word_1_231' title='bbox 702 2247 872 2274; x_wconf 86' lang='lat' dir='ltr'>causam</span> <span class='ocrx_word' id='word_1_232' title='bbox 904 2232 985 2273; x_wconf 89' lang='lat' dir='ltr'>tibi</span> <span class='ocrx_word' id='word_1_233' title='bbox 1018 2246 1060 2272; x_wconf 88' lang='lat' dir='ltr'>se</span> <span class='ocrx_word' id='word_1_234' title='bbox 1094 2231 1199 2272; x_wconf 90' lang='lat' dir='ltr'>sciet</span> <span class='ocrx_word' id='word_1_235' title='bbox 1232 2245 1322 2272; x_wconf 85' lang='lat' dir='ltr'>esse</span> <span class='ocrx_word' id='word_1_236' title='bbox 1353 2230 1520 2285; x_wconf 82' lang='lat' dir='ltr'>pericli3</span> 
     </span>
     <span class='ocr_line' id='line_1_37' title="bbox 392 2289 1350 2345; baseline -0.003 -13"><span class='ocrx_word' id='word_1_237' title='bbox 392 2291 485 2332; x_wconf 88' lang='lat' dir='ltr'>Hoc</span> <span class='ocrx_word' id='word_1_238' title='bbox 519 2291 713 2331; x_wconf 88' lang='lat' dir='ltr'>dominae</span> <span class='ocrx_word' id='word_1_239' title='bbox 747 2291 850 2332; x_wconf 81' lang='lat' dir='ltr'>certi</span> <span class='ocrx_word' id='word_1_240' title='bbox 882 2291 1037 2345; x_wconf 86' lang='lat' dir='ltr'>pignus</span> <span class='ocrx_word' id='word_1_241' title='bbox 1070 2289 1226 2331; x_wconf 87' lang='lat' dir='ltr'>amoris</span> <span class='ocrx_word' id='word_1_242' title='bbox 1260 2289 1350 2330; x_wconf 90' lang='lat' dir='ltr'>erit.</span> 
     </span>
     <span class='ocr_line' id='line_1_38' title="bbox 336 2347 1399 2404; baseline -0.004 -13"><span class='ocrx_word' id='word_1_243' title='bbox 336 2350 469 2404; x_wconf 79' lang='lat' dir='ltr'>Saepe</span> <span class='ocrx_word' id='word_1_244' title='bbox 502 2352 575 2390; x_wconf 90' lang='lat' dir='ltr'>tua</span> <span class='ocrx_word' id='word_1_245' title='bbox 607 2352 797 2403; x_wconf 78' lang='lat' dir='ltr'>poteras7</span> <span class='ocrx_word' id='word_1_246' title='bbox 828 2349 1038 2403; x_wconf 78' lang='lat' dir='ltr'>Leandre,</span> <span class='ocrx_word' id='word_1_247' title='bbox 1071 2362 1211 2389; x_wconf 88' lang='lat' dir='ltr'>carere</span> <span class='ocrx_word' id='word_1_248' title='bbox 1242 2347 1399 2401; x_wconf 82' lang='lat' dir='ltr'>puella:</span> 
     </span>
    </p>
   </div>
  </div>
 </body>
</html>
