1690 2656
199 162 223 203 S
747 164 988 199 AMORUM

198 257 299 298 Non
332 272 411 311 ego
445 259 655 300 militibus
688 260 811 299 *venio
845 259 1075 300 comitatus
1108 263 1150 301 et
1183 262 1330 303 armis:

260 310 384 357 Solus
419 332 552 370 eram,
585 317 620 358 si
652 332 739 357 11011
771 331 921 358 saevus
956 318 1122 359 adesset
1154 318 1306 375 Amor3

145 385 179 409 35
199 374 325 415 Hunc
359 389 457 429 ego,
490 375 524 415 81
558 375 745 428 cupiam,
775 389 987 430 nusquam
1020 376 1232 418 dimittere
1265 392 1459 432 possum:

258 432 370 473 Ante
403 433 468 473 vel
502 448 526 473 a
558 433 759 473 membris
794 433 956 474 dividar
987 434 1078 488 ipse
1110 435 1227 476 meis.

197 490 315 543 Ergo
349 491 483 531 Amor
516 494 557 531 et
590 491 805 532 modicum
838 491 949 533 circa
980 507 1073 533 mea
1106 496 1300 548 tempora
1334 495 1480 537 vinum

257 548 467 589 Mecumst
501 552 542 589 et
574 549 753 590 madidis
787 550 907 603 lapsa
940 565 1096 592 corona
1128 553 1273 593 comis.

198 606 331 646 Arma
364 607 457 659 quis
490 607 593 648 116166
624 607 804 648 timeat?
837 608 930 661 quis
962 622 1049 649 non
1081 613 1150 650 eat
1182 610 1332 651 obvius
1364 611 1479 652 illis?

144 676 179 700 40
257 664 467 718 Tempora
498 665 637 706 noctis
671 669 791 721 eunt3
823 669 971 707 excute
1003 671 1126 721 poste
1160 671 1313 709 seram!

196 721 358 763 Lentus
391 737 453 763 es:
487 738 539 763 an
573 738 766 778 somnus,
798 725 869 777 qui
903 728 944 765 te
977 726 1086 766 male
1118 727 1280 781 perdat,
1312 728 1496 769 amantis

255 779 399 821 Verba
431 782 503 822 dat
533 782 578 821 in
610 786 760 823 ventos
794 797 893 823 611116
926 784 1096 837 repulsa
1128 785 1231 825 tua‘?

198 838 273 892 At,
304 839 497 893 memini,
528 840 686 893 primo,
719 855 813 881 cum
846 844 887 881 te
922 841 1056 882 celare
1088 843 1303 898 volebam,

255 895 443 951 Pervigil
474 898 519 938 in
550 898 712 938 mediae
746 899 884 939 sidera
915 899 1055 941 1106118
1091 915 1195 941 eras.

142 965 176 990 45
196 953 398 995 Forsitan
431 958 472 996 et
504 959 646 996 tecum
678 959 753 996 tua
783 971 895 998 nunc
928 958 1155 1011 requiescit
1189 959 1341 1000 amica:

254 1012 366 1053 Heu!
400 1013 551 1054 melior
583 1018 742 1067 quanto
777 1029 868 1056 sors
901 1018 974 1056 tua
1008 1019 1121 1056 sorte
1154 1018 1264 1057 mea!

194 1069 437 1111 Dummodo
472 1072 550 1125 sic,
583 1072 628 1112 in
660 1087 726 1113 me
759 1073 887 1113 durae
921 1074 1098 1115 transite
1132 1077 1322 1116 catenae!

254 1128 464 1183 Tempora
494 1130 634 1170 noctis
667 1134 785 1185 eunt3
817 1135 965 1172 excute
998 1136 1120 1185 poste
1154 1135 1308 1174 seram!

194 1185 420 1241 Fallimur,
453 1202 506 1228 an
538 1202 659 1229 verso
693 1193 926 1230 sonuerunt
958 1190 1126 1231 cardine
1159 1195 1323 1246 postes,

141 1256 176 1281 50
254 1244 484 1298 Raucaque
517 1260 745 1287 concussae
780 1247 902 1301 signa
929 1248 1076 1289 dedere
1108 1248 1251 1290 fores?

193 1301 418 1343 Fallimur:
450 1304 661 1357 inpulsast
694 1305 885 1345 animoso
918 1305 1046 1346 ianua
1076 1310 1215 1348 vento.

251 1360 306 1400 Ei
338 1361 459 1402 mihi!
494 1376 620 1415 quam
652 1362 778 1417 longe
811 1377 929 1417 spem
961 1364 1062 1405 tulit
1095 1380 1197 1406 aura
1229 1368 1387 1408 meam!

195 1416 239 1459 Si
272 1418 376 1459 satis
410 1434 453 1460 es
486 1423 651 1475 raptae,
683 1420 838 1475 Borea,
869 1436 1033 1462 memor
1065 1422 1304 1479 Orithyiae,

250 1476 346 1518 Huc
378 1478 476 1518 ades
509 1481 551 1518 et
584 1479 732 1519 surdas
765 1479 934 1520 fiamine
967 1481 1097 1521 tunde
1129 1481 1250 1522 foris!

140 1546 172 1570 55
193 1533 310 1575 Urbe
343 1535 470 1576 silent
502 1539 612 1590 tota,
643 1537 862 1591 vitreoque
894 1538 1110 1579 madentia
1141 1554 1236 1580 rore

250 1592 460 1647 Tempora
491 1595 630 1636 noctis
664 1598 782 1649 eunt,
814 1598 962 1637 excute
993 1600 1116 1650 poste
1150 1600 1304 1639 seram!

191 1650 281 1691 Aut
313 1665 392 1706 ego
424 1652 511 1693 iam
542 1652 740 1706 ferroque
771 1653 944 1708 ignique
976 1655 1166 1708 paratior
1196 1656 1306 1711 ipse,

251 1707 384 1757 Quem
416 1710 507 1751 face
540 1711 749 1765 sustineo,
779 1714 894 1753 tecta
928 1714 1110 1765 superba
1171 1717 1293 1755 etam.

192 1766 289 1807 Nox
322 1770 364 1808 61
394 1767 530 1809 Amor
560 1769 789 1823 vinumque
820 1770 928 1810 nihil
960 1729 1218 1813 moderabile
1252 1774 1448 1815 suadent:

139 1835 172 1860 60
250 1824 331 1865 Illa
362 1826 522 1879 pudore
554 1830 697 1882 vacat,
728 1827 857 1869 Liber
887 1828 1105 1882 Amorque
1138 1833 1265 1871 metu.

193 1881 345 1924 Omnia
377 1886 640 1939 consumpsi,
671 1899 747 1927 1166
779 1889 820 1926 16
852 1887 1134 1941 precibusque
1167 1889 1376 1943 minisque

250 1940 480 1996 Movimus,
513 1957 536 1983 0
569 1943 733 1984 foribus
767 1944 910 1985 durior
941 1945 1032 1998 ipse
1065 1946 1169 1987 tuis:

166 1997 291 2053 ‘Non
322 2002 364 2039 16
396 1999 609 2042 formosae
642 2002 782 2043 decuit
814 2017 980 2044 servare
1012 2004 1176 2057 puellae

138 2054 141 2057 ’
249 2055 436 2111 Limina,
469 2059 653 2100 sollicito
687 2075 852 2101 carcere
885 2061 1038 2116 dignus
1072 2077 1182 2117 eras3

138 2125 172 2150 65
191 2113 367 2167 Iamque
399 2115 627 2168 pruinosus
660 2118 836 2159 molitur
867 2118 1039 2160 Lucifer
1071 2135 1188 2175 axes,

251 2171 384 2226 Inque
417 2187 541 2214 suum
573 2175 750 2216 miseros
784 2178 942 2218 excitat
974 2178 1059 2219 ales
1094 2193 1210 2232 opus.

189 2229 250 2270 At
282 2232 348 2283 tu,
378 2244 465 2270 non
495 2231 618 2272 laetis
652 2233 843 2275 detracta
875 2249 1031 2276 corona
1063 2237 1247 2291 capillis,

249 2287 369 2328 Dura
402 2303 528 2342 super
559 2292 653 2330 tota
684 2290 833 2332 limina
863 2296 988 2334 nocte
1020 2294 1127 2335 iace:

190 2345 255 2386 Tu
289 2346 502 2401 dominae,
533 2361 629 2388 611111
661 2351 702 2388 16
734 2349 967 2402 proiectam
1000 2366 1122 2393 mane
1155 2353 1333 2407 videbit,

232 2491 250 2510 ὓ
