<?xml version="1.0" encoding="UTF-8"?>
<!DOCTYPE html PUBLIC "-//W3C//DTD XHTML 1.0 Transitional//EN"
    "http://www.w3.org/TR/xhtml1/DTD/xhtml1-transitional.dtd">
<html xmlns="http://www.w3.org/1999/xhtml" xml:lang="en" lang="en">
 <head>
  <title>
</title>
<meta http-equiv="Content-Type" content="text/html;charset=utf-8" />
  <meta name='ocr-system' content='tesseract 3.04.00' />
  <meta name='ocr-capabilities' content='ocr_page ocr_carea ocr_par ocr_line ocrx_word'/>
</head>
<body>
  <div class='ocr_page' id='page_1' title='image "./operaovid03oviduoft_0241.png"; bbox 0 0 1674 2662; ppageno 0'>
   <div class='ocr_carea' id='block_1_1' title="bbox 0 0 1534 28">
    <p class='ocr_par' dir='ltr' id='par_1_1' title="bbox 0 0 1534 28">
     <span class='ocr_line' id='line_1_1' title="bbox 0 0 1534 28; baseline -0.013 -4"><span class='ocrx_word' id='word_1_1' title='bbox 0 0 1079 28; x_wconf 28' lang='lat' dir='ltr'>ww</span> <span class='ocrx_word' id='word_1_2' title='bbox 1109 0 1186 6; x_wconf 24' lang='lat' dir='ltr'>‹vr-⁷</span> <span class='ocrx_word' id='word_1_3' title='bbox 1231 0 1358 4; x_wconf 25' lang='lat' dir='ltr'>w-fflff</span> <span class='ocrx_word' id='word_1_4' title='bbox 1391 0 1455 3; x_wconf 24' lang='lat' dir='ltr'>vv*</span> <span class='ocrx_word' id='word_1_5' title='bbox 1490 0 1534 1; x_wconf 30' lang='grc' dir='ltr'>ψη</span> 
     </span>
    </p>
   </div>
   <div class='ocr_carea' id='block_1_2' title="bbox 641 184 1415 227">
    <p class='ocr_par' dir='ltr' id='par_1_2' title="bbox 641 184 1415 227">
     <span class='ocr_line' id='line_1_2' title="bbox 641 184 1415 227; baseline -0.008 -10"><span class='ocrx_word' id='word_1_6' title='bbox 641 184 667 227; x_wconf 86' lang='grc' dir='ltr'>Ι,</span> <span class='ocrx_word' id='word_1_7' title='bbox 693 194 836 219; x_wconf 77' lang='lat'>28—101.</span> <span class='ocrx_word' id='word_1_8' title='bbox 1333 184 1415 225; x_wconf 79' lang='lat'>185</span> 
     </span>
    </p>
   </div>
   <div class='ocr_carea' id='block_1_3' title="bbox 0 278 1388 2412">
    <p class='ocr_par' dir='ltr' id='par_1_3' title="bbox 0 278 1388 2412">
     <span class='ocr_line' id='line_1_3' title="bbox 32 278 1160 333; baseline -0.001 -13"><span class='ocrx_word' id='word_1_9' title='bbox 32 291 64 316; x_wconf 75' lang='lat'>6⁵</span> <span class='ocrx_word' id='word_1_10' title='bbox 86 278 168 321; x_wconf 86' lang='lat' dir='ltr'>Seu</span> <span class='ocrx_word' id='word_1_11' title='bbox 199 282 241 320; x_wconf 89' lang='lat' dir='ltr'>te</span> <span class='ocrx_word' id='word_1_12' title='bbox 272 278 382 320; x_wconf 84' lang='lat' dir='ltr'>forte</span> <span class='ocrx_word' id='word_1_13' title='bbox 414 278 533 319; x_wconf 85' lang='lat' dir='ltr'>iuvat</span> <span class='ocrx_word' id='word_1_14' title='bbox 565 293 658 319; x_wconf 89' lang='lat' dir='ltr'>sera</span> <span class='ocrx_word' id='word_1_15' title='bbox 689 281 731 319; x_wconf 93' lang='lat' dir='ltr'>et</span> <span class='ocrx_word' id='word_1_16' title='bbox 763 278 994 332; x_wconf 75' lang='lat' dir='ltr'>sapientior</span> <span class='ocrx_word' id='word_1_17' title='bbox 1026 281 1160 333; x_wconf 89' lang='lat' dir='ltr'>aetas,</span> 
     </span>
     <span class='ocr_line' id='line_1_4' title="bbox 140 336 1263 391; baseline -0.001 -13"><span class='ocrx_word' id='word_1_18' title='bbox 140 336 234 378; x_wconf 88' lang='lat' dir='ltr'>Hoc</span> <span class='ocrx_word' id='word_1_19' title='bbox 267 351 453 391; x_wconf 91' lang='lat' dir='ltr'>quoque,</span> <span class='ocrx_word' id='word_1_20' title='bbox 485 337 604 378; x_wconf 85' lang='lat' dir='ltr'>crede</span> <span class='ocrx_word' id='word_1_21' title='bbox 637 336 760 390; x_wconf 90' lang='lat' dir='ltr'>mihi,</span> <span class='ocrx_word' id='word_1_22' title='bbox 789 336 955 390; x_wconf 86' lang='lat' dir='ltr'>plenius</span> <span class='ocrx_word' id='word_1_23' title='bbox 988 350 1142 391; x_wconf 84' lang='lat' dir='ltr'>agmen</span> <span class='ocrx_word' id='word_1_24' title='bbox 1172 336 1263 377; x_wconf 90' lang='lat' dir='ltr'>erit.</span> 
     </span>
     <span class='ocr_line' id='line_1_5' title="bbox 84 394 1241 449; baseline 0 -13"><span class='ocrx_word' id='word_1_25' title='bbox 84 394 146 436; x_wconf 89' lang='lat' dir='ltr'>Tu</span> <span class='ocrx_word' id='word_1_26' title='bbox 178 395 303 436; x_wconf 89' lang='lat' dir='ltr'>modo</span> <span class='ocrx_word' id='word_1_27' title='bbox 336 394 539 448; x_wconf 90' lang='lat' dir='ltr'>Pompeia</span> <span class='ocrx_word' id='word_1_28' title='bbox 569 395 710 435; x_wconf 89' lang='lat' dir='ltr'>lentus</span> <span class='ocrx_word' id='word_1_29' title='bbox 743 394 928 447; x_wconf 89' lang='lat' dir='ltr'>spatiare</span> <span class='ocrx_word' id='word_1_30' title='bbox 961 394 1039 435; x_wconf 90' lang='lat' dir='ltr'>sub</span> <span class='ocrx_word' id='word_1_31' title='bbox 1072 395 1241 449; x_wconf 87' lang='lat' dir='ltr'>umbra,</span> 
     </span>
     <span class='ocr_line' id='line_1_6' title="bbox 143 451 1055 507; baseline -0.001 -14"><span class='ocrx_word' id='word_1_32' title='bbox 143 451 250 494; x_wconf 84' lang='lat' dir='ltr'>Cum</span> <span class='ocrx_word' id='word_1_33' title='bbox 283 452 347 493; x_wconf 92' lang='lat' dir='ltr'>sol</span> <span class='ocrx_word' id='word_1_34' title='bbox 378 452 577 493; x_wconf 82' lang='lat' dir='ltr'>Herculei</span> <span class='ocrx_word' id='word_1_35' title='bbox 608 456 730 507; x_wconf 81' lang='lat' dir='ltr'>terga</span> <span class='ocrx_word' id='word_1_36' title='bbox 761 451 917 493; x_wconf 82' lang='lat' dir='ltr'>Leonis</span> <span class='ocrx_word' id='word_1_37' title='bbox 950 452 1055 505; x_wconf 87' lang='lat' dir='ltr'>adit,</span> 
     </span>
     <span class='ocr_line' id='line_1_7' title="bbox 0 510 1159 552; baseline -0.002 0"><span class='ocrx_word' id='word_1_38' title='bbox 0 526 1 551; x_wconf 51' lang='grc'>1</span> <span class='ocrx_word' id='word_1_39' title='bbox 83 511 172 552; x_wconf 89' lang='lat' dir='ltr'>Aut</span> <span class='ocrx_word' id='word_1_40' title='bbox 203 511 276 551; x_wconf 90' lang='lat' dir='ltr'>ubi</span> <span class='ocrx_word' id='word_1_41' title='bbox 308 510 553 551; x_wconf 89' lang='lat' dir='ltr'>muneribus</span> <span class='ocrx_word' id='word_1_42' title='bbox 585 510 676 551; x_wconf 89' lang='lat' dir='ltr'>nati</span> <span class='ocrx_word' id='word_1_43' title='bbox 710 524 785 550; x_wconf 91' lang='lat' dir='ltr'>sua</span> <span class='ocrx_word' id='word_1_44' title='bbox 817 524 992 551; x_wconf 89' lang='lat' dir='ltr'>munera</span> <span class='ocrx_word' id='word_1_45' title='bbox 1027 512 1159 551; x_wconf 88' lang='lat' dir='ltr'>mater</span> 
     </span>
     <span class='ocr_line' id='line_1_8' title="bbox 0 568 1090 622; baseline -0.001 -13"><span class='ocrx_word' id='word_1_46' title='bbox 0 601 1 614; x_wconf 63' lang='grc'>,</span> <span class='ocrx_word' id='word_1_47' title='bbox 34 579 66 604; x_wconf 81' lang='lat'>⁷0</span> <span class='ocrx_word' id='word_1_48' title='bbox 143 569 338 622; x_wconf 75' lang='lat' dir='ltr'>Addidit,</span> <span class='ocrx_word' id='word_1_49' title='bbox 369 571 541 609; x_wconf 85' lang='lat' dir='ltr'>externo</span> <span class='ocrx_word' id='word_1_50' title='bbox 574 582 784 609; x_wconf 86' lang='lat' dir='ltr'>marmore</span> <span class='ocrx_word' id='word_1_51' title='bbox 816 568 932 608; x_wconf 88' lang='lat' dir='ltr'>dives</span> <span class='ocrx_word' id='word_1_52' title='bbox 965 582 1090 622; x_wconf 70' lang='lat' dir='ltr'>opus,</span> 
     </span>
     <span class='ocr_line' id='line_1_9' title="bbox 0 619 1175 680; baseline -0.001 -13"><span class='ocrx_word' id='word_1_53' title='bbox 0 619 2 636; x_wconf 59' lang='lat'>⁸</span> <span class='ocrx_word' id='word_1_54' title='bbox 84 626 172 667; x_wconf 89' lang='lat' dir='ltr'>Nec</span> <span class='ocrx_word' id='word_1_55' title='bbox 205 626 285 667; x_wconf 88' lang='lat' dir='ltr'>tibi</span> <span class='ocrx_word' id='word_1_56' title='bbox 317 627 474 667; x_wconf 83' lang='lat' dir='ltr'>vitetur</span> <span class='ocrx_word' id='word_1_57' title='bbox 506 640 612 679; x_wconf 91' lang='lat' dir='ltr'>quae</span> <span class='ocrx_word' id='word_1_58' title='bbox 644 626 794 680; x_wconf 85' lang='lat' dir='ltr'>priscis</span> <span class='ocrx_word' id='word_1_59' title='bbox 828 640 975 679; x_wconf 88' lang='lat' dir='ltr'>sparsa</span> <span class='ocrx_word' id='word_1_60' title='bbox 1006 625 1175 666; x_wconf 87' lang='lat' dir='ltr'>tabellis</span> 
     </span>
     <span class='ocr_line' id='line_1_10' title="bbox 141 683 1072 735; baseline -0.001 -10"><span class='ocrx_word' id='word_1_61' title='bbox 141 684 337 725; x_wconf 73' lang='lat' dir='ltr'>Porticus</span> <span class='ocrx_word' id='word_1_62' title='bbox 370 684 556 725; x_wconf 86' lang='lat' dir='ltr'>auctoris</span> <span class='ocrx_word' id='word_1_63' title='bbox 587 683 710 725; x_wconf 83' lang='lat' dir='ltr'>Livia</span> <span class='ocrx_word' id='word_1_64' title='bbox 741 698 896 724; x_wconf 90' lang='lat' dir='ltr'>nomen</span> <span class='ocrx_word' id='word_1_65' title='bbox 926 683 1072 735; x_wconf 88' lang='lat' dir='ltr'>habet,</span> 
     </span>
     <span class='ocr_line' id='line_1_11' title="bbox 0 724 1267 796; baseline -0.001 -14"><span class='ocrx_word' id='word_1_66' title='bbox 0 724 3 787; x_wconf 55' lang='lat' dir='ltr'>l</span> <span class='ocrx_word' id='word_1_67' title='bbox 85 741 258 795; x_wconf 84' lang='lat' dir='ltr'>Quaque</span> <span class='ocrx_word' id='word_1_68' title='bbox 289 757 437 796; x_wconf 88' lang='lat' dir='ltr'>parare</span> <span class='ocrx_word' id='word_1_69' title='bbox 469 756 616 783; x_wconf 85' lang='lat' dir='ltr'>necem</span> <span class='ocrx_word' id='word_1_70' title='bbox 647 742 813 782; x_wconf 89' lang='lat' dir='ltr'>miseris</span> <span class='ocrx_word' id='word_1_71' title='bbox 843 741 1107 795; x_wconf 72' lang='lat' dir='ltr'>patruelibus</span> <span class='ocrx_word' id='word_1_72' title='bbox 1141 755 1267 783; x_wconf 89' lang='lat' dir='ltr'>ausae</span> 
     </span>
     <span class='ocr_line' id='line_1_12' title="bbox 0 794 1123 853; baseline -0.001 -13"><span class='ocrx_word' id='word_1_73' title='bbox 0 794 2 830; x_wconf 77' lang='grc' dir='ltr'>Ι</span> <span class='ocrx_word' id='word_1_74' title='bbox 138 800 309 841; x_wconf 82' lang='lat' dir='ltr'>‘Belides</span> <span class='ocrx_word' id='word_1_75' title='bbox 342 803 383 840; x_wconf 91' lang='lat' dir='ltr'>et</span> <span class='ocrx_word' id='word_1_76' title='bbox 416 800 565 841; x_wconf 85' lang='lat' dir='ltr'>stricto</span> <span class='ocrx_word' id='word_1_77' title='bbox 598 803 684 840; x_wconf 87' lang='lat' dir='ltr'>stat</span> <span class='ocrx_word' id='word_1_78' title='bbox 714 799 828 840; x_wconf 87' lang='lat' dir='ltr'>ferus</span> <span class='ocrx_word' id='word_1_79' title='bbox 861 814 958 840; x_wconf 92' lang='lat' dir='ltr'>ense</span> <span class='ocrx_word' id='word_1_80' title='bbox 990 802 1123 853; x_wconf 87' lang='lat' dir='ltr'>pater.</span> 
     </span>
     <span class='ocr_line' id='line_1_13' title="bbox 0 834 1122 912; baseline -0.001 -14"><span class='ocrx_word' id='word_1_81' title='bbox 0 834 4 912; x_wconf 58' lang='grc' dir='ltr'><em>ξ</em></span> <span class='ocrx_word' id='word_1_82' title='bbox 33 869 65 893; x_wconf 74' lang='grc'>75</span> <span class='ocrx_word' id='word_1_83' title='bbox 84 857 173 899; x_wconf 80' lang='lat' dir='ltr'>Nec</span> <span class='ocrx_word' id='word_1_84' title='bbox 206 861 247 899; x_wconf 90' lang='lat' dir='ltr'>te</span> <span class='ocrx_word' id='word_1_85' title='bbox 279 861 518 912; x_wconf 83' lang='lat' dir='ltr'>praetereat</span> <span class='ocrx_word' id='word_1_86' title='bbox 549 857 704 898; x_wconf 78' lang='lat' dir='ltr'>Veneri</span> <span class='ocrx_word' id='word_1_87' title='bbox 735 858 927 911; x_wconf 74' lang='lat' dir='ltr'>ploratus</span> <span class='ocrx_word' id='word_1_88' title='bbox 959 856 1122 898; x_wconf 91' lang='lat' dir='ltr'>Adonis</span> 
     </span>
     <span class='ocr_line' id='line_1_14' title="bbox 144 914 1064 969; baseline -0.001 -13"><span class='ocrx_word' id='word_1_89' title='bbox 144 914 352 969; x_wconf 82' lang='lat' dir='ltr'>Cultaque</span> <span class='ocrx_word' id='word_1_90' title='bbox 384 915 540 956; x_wconf 90' lang='lat' dir='ltr'>Iudaeo</span> <span class='ocrx_word' id='word_1_91' title='bbox 574 915 755 968; x_wconf 87' lang='lat' dir='ltr'>septima</span> <span class='ocrx_word' id='word_1_92' title='bbox 787 929 906 956; x_wconf 87' lang='lat' dir='ltr'>sacra</span> <span class='ocrx_word' id='word_1_93' title='bbox 938 914 1064 969; x_wconf 81' lang='lat' dir='ltr'>Syro,</span> 
     </span>
     <span class='ocr_line' id='line_1_15' title="bbox 84 972 1288 1027; baseline -0.001 -13"><span class='ocrx_word' id='word_1_94' title='bbox 84 972 174 1014; x_wconf 83' lang='lat' dir='ltr'>Nec</span> <span class='ocrx_word' id='word_1_95' title='bbox 205 973 305 1027; x_wconf 82' lang='lat' dir='ltr'>fuge</span> <span class='ocrx_word' id='word_1_96' title='bbox 337 973 540 1027; x_wconf 81' lang='lat' dir='ltr'>linigerae</span> <span class='ocrx_word' id='word_1_97' title='bbox 572 972 849 1026; x_wconf 85' lang='lat' dir='ltr'>Memphitica</span> <span class='ocrx_word' id='word_1_98' title='bbox 880 973 1040 1026; x_wconf 88' lang='lat' dir='ltr'>templa</span> <span class='ocrx_word' id='word_1_99' title='bbox 1069 972 1288 1013; x_wconf 85' lang='lat' dir='ltr'>iuvencae:</span> 
     </span>
     <span class='ocr_line' id='line_1_16' title="bbox 0 1030 1071 1084; baseline -0.001 -13"><span class='ocrx_word' id='word_1_100' title='bbox 0 1039 5 1078; x_wconf 84' lang='grc' dir='ltr'>ι</span> <span class='ocrx_word' id='word_1_101' title='bbox 142 1030 299 1071; x_wconf 82' lang='lat' dir='ltr'>Multas</span> <span class='ocrx_word' id='word_1_102' title='bbox 330 1031 405 1071; x_wconf 87' lang='lat' dir='ltr'>illa</span> <span class='ocrx_word' id='word_1_103' title='bbox 436 1030 556 1083; x_wconf 88' lang='lat' dir='ltr'>facit,</span> <span class='ocrx_word' id='word_1_104' title='bbox 587 1031 700 1084; x_wconf 89' lang='lat' dir='ltr'>quod</span> <span class='ocrx_word' id='word_1_105' title='bbox 730 1030 813 1070; x_wconf 89' lang='lat' dir='ltr'>fuit</span> <span class='ocrx_word' id='word_1_106' title='bbox 843 1030 937 1084; x_wconf 89' lang='lat' dir='ltr'>ipsa</span> <span class='ocrx_word' id='word_1_107' title='bbox 968 1030 1071 1070; x_wconf 87' lang='lat' dir='ltr'>Iovi.</span> 
     </span>
     <span class='ocr_line' id='line_1_17' title="bbox 83 1087 1313 1142; baseline -0.001 -13"><span class='ocrx_word' id='word_1_108' title='bbox 83 1088 141 1129; x_wconf 85' lang='lat' dir='ltr'>Et</span> <span class='ocrx_word' id='word_1_109' title='bbox 172 1088 264 1129; x_wconf 87' lang='lat' dir='ltr'>fora</span> <span class='ocrx_word' id='word_1_110' title='bbox 296 1088 551 1130; x_wconf 86' lang='lat' dir='ltr'>conveniunt</span> <span class='ocrx_word' id='word_1_111' title='bbox 583 1088 696 1141; x_wconf 78' lang='lat' dir='ltr'>(quis</span> <span class='ocrx_word' id='word_1_112' title='bbox 730 1088 896 1129; x_wconf 89' lang='lat' dir='ltr'>credere</span> <span class='ocrx_word' id='word_1_113' title='bbox 928 1087 1111 1142; x_wconf 75' lang='lat' dir='ltr'>possit?)</span> <span class='ocrx_word' id='word_1_114' title='bbox 1145 1087 1313 1141; x_wconf 89' lang='lat' dir='ltr'>Amori,</span> 
     </span>
     <span class='ocr_line' id='line_1_18' title="bbox 32 1146 1171 1201; baseline -0.001 -14"><span class='ocrx_word' id='word_1_115' title='bbox 32 1157 65 1182; x_wconf 79' lang='lat'>80</span> <span class='ocrx_word' id='word_1_116' title='bbox 142 1146 418 1200; x_wconf 87' lang='lat' dir='ltr'>Flammaque</span> <span class='ocrx_word' id='word_1_117' title='bbox 449 1146 494 1186; x_wconf 91' lang='lat' dir='ltr'>in</span> <span class='ocrx_word' id='word_1_118' title='bbox 527 1149 679 1201; x_wconf 83' lang='lat' dir='ltr'>arguto</span> <span class='ocrx_word' id='word_1_119' title='bbox 713 1161 836 1200; x_wconf 85' lang='lat' dir='ltr'>saepe</span> <span class='ocrx_word' id='word_1_120' title='bbox 868 1149 1036 1200; x_wconf 86' lang='lat' dir='ltr'>reperta</span> <span class='ocrx_word' id='word_1_121' title='bbox 1066 1146 1171 1186; x_wconf 87' lang='lat' dir='ltr'>foro.</span> 
     </span>
     <span class='ocr_line' id='line_1_19' title="bbox 86 1203 1247 1257; baseline 0 -13"><span class='ocrx_word' id='word_1_122' title='bbox 86 1203 263 1245; x_wconf 83' lang='lat' dir='ltr'>Subdita</span> <span class='ocrx_word' id='word_1_123' title='bbox 295 1219 377 1257; x_wconf 90' lang='lat' dir='ltr'>qua</span> <span class='ocrx_word' id='word_1_124' title='bbox 408 1203 586 1245; x_wconf 90' lang='lat' dir='ltr'>Veneris</span> <span class='ocrx_word' id='word_1_125' title='bbox 617 1204 732 1245; x_wconf 87' lang='lat' dir='ltr'>facto</span> <span class='ocrx_word' id='word_1_126' title='bbox 765 1204 814 1244; x_wconf 90' lang='lat' dir='ltr'>de</span> <span class='ocrx_word' id='word_1_127' title='bbox 846 1218 1055 1245; x_wconf 88' lang='lat' dir='ltr'>marmore</span> <span class='ocrx_word' id='word_1_128' title='bbox 1086 1203 1247 1257; x_wconf 84' lang='lat' dir='ltr'>templo</span> 
     </span>
     <span class='ocr_line' id='line_1_20' title="bbox 143 1261 1020 1316; baseline 0 -14"><span class='ocrx_word' id='word_1_129' title='bbox 143 1262 305 1316; x_wconf 80' lang='lat' dir='ltr'>Appias</span> <span class='ocrx_word' id='word_1_130' title='bbox 338 1261 546 1315; x_wconf 85' lang='lat' dir='ltr'>expressis</span> <span class='ocrx_word' id='word_1_131' title='bbox 579 1276 675 1302; x_wconf 89' lang='lat' dir='ltr'>aera</span> <span class='ocrx_word' id='word_1_132' title='bbox 706 1261 849 1315; x_wconf 84' lang='lat' dir='ltr'>pulsat</span> <span class='ocrx_word' id='word_1_133' title='bbox 881 1262 1020 1316; x_wconf 86' lang='lat' dir='ltr'>aquis,</span> 
     </span>
     <span class='ocr_line' id='line_1_21' title="bbox 84 1319 1094 1374; baseline -0.001 -14"><span class='ocrx_word' id='word_1_134' title='bbox 84 1319 164 1360; x_wconf 91' lang='lat' dir='ltr'>Illo</span> <span class='ocrx_word' id='word_1_135' title='bbox 198 1334 320 1374; x_wconf 81' lang='lat' dir='ltr'>saepe</span> <span class='ocrx_word' id='word_1_136' title='bbox 353 1320 446 1360; x_wconf 91' lang='lat' dir='ltr'>loco</span> <span class='ocrx_word' id='word_1_137' title='bbox 480 1319 645 1373; x_wconf 90' lang='lat' dir='ltr'>capitur</span> <span class='ocrx_word' id='word_1_138' title='bbox 677 1319 894 1360; x_wconf 89' lang='lat' dir='ltr'>consultus</span> <span class='ocrx_word' id='word_1_139' title='bbox 926 1319 1094 1370; x_wconf 86' lang='lat' dir='ltr'>Amori,</span> 
     </span>
     <span class='ocr_line' id='line_1_22' title="bbox 144 1377 1116 1431; baseline -0.001 -13"><span class='ocrx_word' id='word_1_140' title='bbox 144 1377 307 1430; x_wconf 85' lang='lat' dir='ltr'>Quique</span> <span class='ocrx_word' id='word_1_141' title='bbox 340 1377 434 1418; x_wconf 89' lang='lat' dir='ltr'>aliis</span> <span class='ocrx_word' id='word_1_142' title='bbox 467 1377 597 1431; x_wconf 87' lang='lat' dir='ltr'>cavit,</span> <span class='ocrx_word' id='word_1_143' title='bbox 626 1391 713 1418; x_wconf 92' lang='lat' dir='ltr'>non</span> <span class='ocrx_word' id='word_1_144' title='bbox 745 1380 864 1418; x_wconf 85' lang='lat' dir='ltr'>cavet</span> <span class='ocrx_word' id='word_1_145' title='bbox 893 1377 985 1430; x_wconf 91' lang='lat' dir='ltr'>ipse</span> <span class='ocrx_word' id='word_1_146' title='bbox 1017 1377 1116 1429; x_wconf 80' lang='lat' dir='ltr'>sibi3</span> 
     </span>
     <span class='ocr_line' id='line_1_23' title="bbox 33 1434 1110 1489; baseline -0.001 -13"><span class='ocrx_word' id='word_1_147' title='bbox 33 1445 65 1471; x_wconf 83' lang='lat'>8⁵</span> <span class='ocrx_word' id='word_1_148' title='bbox 85 1435 164 1476; x_wconf 92' lang='lat' dir='ltr'>Illo</span> <span class='ocrx_word' id='word_1_149' title='bbox 199 1449 323 1489; x_wconf 84' lang='lat' dir='ltr'>saepe</span> <span class='ocrx_word' id='word_1_150' title='bbox 354 1435 448 1476; x_wconf 92' lang='lat' dir='ltr'>loco</span> <span class='ocrx_word' id='word_1_151' title='bbox 482 1435 634 1475; x_wconf 88' lang='lat' dir='ltr'>desunt</span> <span class='ocrx_word' id='word_1_152' title='bbox 666 1450 742 1476; x_wconf 87' lang='lat' dir='ltr'>sua</span> <span class='ocrx_word' id='word_1_153' title='bbox 772 1435 902 1475; x_wconf 83' lang='lat' dir='ltr'>verba</span> <span class='ocrx_word' id='word_1_154' title='bbox 932 1434 1110 1488; x_wconf 88' lang='lat' dir='ltr'>diserto,</span> 
     </span>
     <span class='ocr_line' id='line_1_24' title="bbox 144 1492 1299 1547; baseline -0.002 -13"><span class='ocrx_word' id='word_1_155' title='bbox 144 1492 312 1546; x_wconf 88' lang='lat' dir='ltr'>Resque</span> <span class='ocrx_word' id='word_1_156' title='bbox 343 1507 476 1534; x_wconf 88' lang='lat' dir='ltr'>novae</span> <span class='ocrx_word' id='word_1_157' title='bbox 508 1493 701 1546; x_wconf 84' lang='lat' dir='ltr'>veniunt,</span> <span class='ocrx_word' id='word_1_158' title='bbox 732 1506 943 1545; x_wconf 87' lang='lat' dir='ltr'>causaque</span> <span class='ocrx_word' id='word_1_159' title='bbox 975 1492 1138 1547; x_wconf 82' lang='lat' dir='ltr'>agenda</span> <span class='ocrx_word' id='word_1_160' title='bbox 1170 1495 1299 1533; x_wconf 87' lang='lat' dir='ltr'>suast.</span> 
     </span>
     <span class='ocr_line' id='line_1_25' title="bbox 85 1550 1311 1605; baseline -0.002 -13"><span class='ocrx_word' id='word_1_161' title='bbox 85 1551 209 1592; x_wconf 90' lang='lat' dir='ltr'>Hunc</span> <span class='ocrx_word' id='word_1_162' title='bbox 240 1550 385 1591; x_wconf 91' lang='lat' dir='ltr'>Venus</span> <span class='ocrx_word' id='word_1_163' title='bbox 418 1565 439 1591; x_wconf 93' lang='lat' dir='ltr'>e</span> <span class='ocrx_word' id='word_1_164' title='bbox 471 1551 661 1605; x_wconf 88' lang='lat' dir='ltr'>templis,</span> <span class='ocrx_word' id='word_1_165' title='bbox 692 1565 798 1604; x_wconf 90' lang='lat' dir='ltr'>quae</span> <span class='ocrx_word' id='word_1_166' title='bbox 831 1553 929 1591; x_wconf 90' lang='lat' dir='ltr'>sunt</span> <span class='ocrx_word' id='word_1_167' title='bbox 961 1550 1155 1604; x_wconf 86' lang='lat' dir='ltr'>confinia,</span> <span class='ocrx_word' id='word_1_168' title='bbox 1185 1550 1311 1590; x_wconf 90' lang='lat' dir='ltr'>ridet:</span> 
     </span>
     <span class='ocr_line' id='line_1_26' title="bbox 145 1607 1225 1662; baseline -0.001 -13"><span class='ocrx_word' id='word_1_169' title='bbox 145 1608 225 1657; x_wconf 84' lang='lat' dir='ltr'>Qui</span> <span class='ocrx_word' id='word_1_170' title='bbox 257 1609 381 1649; x_wconf 90' lang='lat' dir='ltr'>modo</span> <span class='ocrx_word' id='word_1_171' title='bbox 413 1612 637 1662; x_wconf 87' lang='lat' dir='ltr'>patronus,</span> <span class='ocrx_word' id='word_1_172' title='bbox 667 1623 779 1649; x_wconf 87' lang='lat' dir='ltr'>nunc</span> <span class='ocrx_word' id='word_1_173' title='bbox 812 1608 928 1662; x_wconf 87' lang='lat' dir='ltr'>cupit</span> <span class='ocrx_word' id='word_1_174' title='bbox 960 1622 1050 1648; x_wconf 88' lang='lat' dir='ltr'>esse</span> <span class='ocrx_word' id='word_1_175' title='bbox 1083 1607 1225 1649; x_wconf 87' lang='lat' dir='ltr'>cliens.</span> 
     </span>
     <span class='ocr_line' id='line_1_27' title="bbox 88 1665 1084 1720; baseline -0.002 -12"><span class='ocrx_word' id='word_1_176' title='bbox 88 1666 169 1708; x_wconf 82' lang='lat' dir='ltr'>Sed</span> <span class='ocrx_word' id='word_1_177' title='bbox 201 1669 248 1707; x_wconf 90' lang='lat' dir='ltr'>tu</span> <span class='ocrx_word' id='word_1_178' title='bbox 278 1667 502 1720; x_wconf 90' lang='lat' dir='ltr'>praecipue</span> <span class='ocrx_word' id='word_1_179' title='bbox 535 1666 673 1708; x_wconf 83' lang='lat' dir='ltr'>curvis</span> <span class='ocrx_word' id='word_1_180' title='bbox 705 1680 856 1707; x_wconf 81' lang='lat' dir='ltr'>venare</span> <span class='ocrx_word' id='word_1_181' title='bbox 888 1665 1084 1706; x_wconf 87' lang='lat' dir='ltr'>theatris:</span> 
     </span>
     <span class='ocr_line' id='line_1_28' title="bbox 34 1723 1006 1765; baseline -0.001 0"><span class='ocrx_word' id='word_1_182' title='bbox 34 1735 67 1759; x_wconf 78' lang='lat'>90</span> <span class='ocrx_word' id='word_1_183' title='bbox 144 1723 261 1765; x_wconf 87' lang='lat' dir='ltr'>Haec</span> <span class='ocrx_word' id='word_1_184' title='bbox 292 1724 387 1765; x_wconf 91' lang='lat' dir='ltr'>loca</span> <span class='ocrx_word' id='word_1_185' title='bbox 418 1727 517 1765; x_wconf 87' lang='lat' dir='ltr'>sunt</span> <span class='ocrx_word' id='word_1_186' title='bbox 547 1727 647 1765; x_wconf 86' lang='lat' dir='ltr'>voto</span> <span class='ocrx_word' id='word_1_187' title='bbox 679 1724 887 1765; x_wconf 85' lang='lat' dir='ltr'>fertiliora</span> <span class='ocrx_word' id='word_1_188' title='bbox 918 1727 1006 1764; x_wconf 89' lang='lat' dir='ltr'>tuo.</span> 
     </span>
     <span class='ocr_line' id='line_1_29' title="bbox 87 1780 1230 1836; baseline -0.001 -14"><span class='ocrx_word' id='word_1_189' title='bbox 87 1782 179 1822; x_wconf 91' lang='lat' dir='ltr'>Illic</span> <span class='ocrx_word' id='word_1_190' title='bbox 210 1782 418 1836; x_wconf 81' lang='lat' dir='ltr'>invenies,</span> <span class='ocrx_word' id='word_1_191' title='bbox 450 1782 562 1836; x_wconf 87' lang='lat' dir='ltr'>quod</span> <span class='ocrx_word' id='word_1_192' title='bbox 593 1796 726 1834; x_wconf 86' lang='lat' dir='ltr'>ames,</span> <span class='ocrx_word' id='word_1_193' title='bbox 758 1782 869 1835; x_wconf 90' lang='lat' dir='ltr'>quod</span> <span class='ocrx_word' id='word_1_194' title='bbox 900 1781 1042 1822; x_wconf 92' lang='lat' dir='ltr'>ludere</span> <span class='ocrx_word' id='word_1_195' title='bbox 1074 1780 1230 1835; x_wconf 89' lang='lat' dir='ltr'>possis,</span> 
     </span>
     <span class='ocr_line' id='line_1_30' title="bbox 145 1838 1258 1894; baseline -0.002 -14"><span class='ocrx_word' id='word_1_196' title='bbox 145 1838 349 1892; x_wconf 85' lang='lat' dir='ltr'>Quodque</span> <span class='ocrx_word' id='word_1_197' title='bbox 382 1839 511 1880; x_wconf 90' lang='lat' dir='ltr'>semel</span> <span class='ocrx_word' id='word_1_198' title='bbox 541 1842 713 1894; x_wconf 85' lang='lat' dir='ltr'>tangas,</span> <span class='ocrx_word' id='word_1_199' title='bbox 744 1839 938 1893; x_wconf 86' lang='lat' dir='ltr'>quodque</span> <span class='ocrx_word' id='word_1_200' title='bbox 970 1842 1111 1879; x_wconf 88' lang='lat' dir='ltr'>tenere</span> <span class='ocrx_word' id='word_1_201' title='bbox 1144 1838 1258 1879; x_wconf 78' lang='lat' dir='ltr'>velis.</span> 
     </span>
     <span class='ocr_line' id='line_1_31' title="bbox 87 1896 1388 1951; baseline -0.002 -13"><span class='ocrx_word' id='word_1_202' title='bbox 87 1896 146 1938; x_wconf 76' lang='lat' dir='ltr'>Ut</span> <span class='ocrx_word' id='word_1_203' title='bbox 177 1897 287 1938; x_wconf 89' lang='lat' dir='ltr'>redit</span> <span class='ocrx_word' id='word_1_204' title='bbox 317 1897 435 1950; x_wconf 87' lang='lat' dir='ltr'>itque</span> <span class='ocrx_word' id='word_1_205' title='bbox 467 1896 663 1951; x_wconf 88' lang='lat' dir='ltr'>frequens</span> <span class='ocrx_word' id='word_1_206' title='bbox 695 1897 872 1951; x_wconf 82' lang='lat' dir='ltr'>longum</span> <span class='ocrx_word' id='word_1_207' title='bbox 904 1896 1082 1937; x_wconf 86' lang='lat' dir='ltr'>formica</span> <span class='ocrx_word' id='word_1_208' title='bbox 1111 1910 1186 1950; x_wconf 90' lang='lat' dir='ltr'>per</span> <span class='ocrx_word' id='word_1_209' title='bbox 1218 1909 1388 1951; x_wconf 83' lang='lat' dir='ltr'>agmen,</span> 
     </span>
     <span class='ocr_line' id='line_1_32' title="bbox 147 1954 1143 2007; baseline -0.001 -12"><span class='ocrx_word' id='word_1_210' title='bbox 147 1954 368 1996; x_wconf 85' lang='lat' dir='ltr'>Granifero</span> <span class='ocrx_word' id='word_1_211' title='bbox 401 1954 576 1995; x_wconf 91' lang='lat' dir='ltr'>solitum</span> <span class='ocrx_word' id='word_1_212' title='bbox 607 1969 702 1995; x_wconf 90' lang='lat' dir='ltr'>cum</span> <span class='ocrx_word' id='word_1_213' title='bbox 734 1954 849 1995; x_wconf 73' lang='lat' dir='ltr'>vehit</span> <span class='ocrx_word' id='word_1_214' title='bbox 882 1968 952 1994; x_wconf 90' lang='lat' dir='ltr'>ore</span> <span class='ocrx_word' id='word_1_215' title='bbox 985 1954 1143 2007; x_wconf 84' lang='lat' dir='ltr'>cibum,</span> 
     </span>
     <span class='ocr_line' id='line_1_33' title="bbox 35 2011 1208 2067; baseline -0.001 -14"><span class='ocrx_word' id='word_1_216' title='bbox 35 2022 67 2048; x_wconf 81' lang='lat'>95</span> <span class='ocrx_word' id='word_1_217' title='bbox 87 2013 175 2054; x_wconf 88' lang='lat' dir='ltr'>Aut</span> <span class='ocrx_word' id='word_1_218' title='bbox 205 2016 254 2053; x_wconf 90' lang='lat' dir='ltr'>ut</span> <span class='ocrx_word' id='word_1_219' title='bbox 286 2027 384 2067; x_wconf 88' lang='lat' dir='ltr'>apes</span> <span class='ocrx_word' id='word_1_220' title='bbox 418 2012 634 2066; x_wconf 88' lang='lat' dir='ltr'>saltusque</span> <span class='ocrx_word' id='word_1_221' title='bbox 667 2026 765 2052; x_wconf 89' lang='lat' dir='ltr'>suos</span> <span class='ocrx_word' id='word_1_222' title='bbox 798 2015 840 2052; x_wconf 88' lang='lat' dir='ltr'>et</span> <span class='ocrx_word' id='word_1_223' title='bbox 872 2011 1030 2053; x_wconf 89' lang='lat' dir='ltr'>olentia</span> <span class='ocrx_word' id='word_1_224' title='bbox 1058 2014 1208 2052; x_wconf 85' lang='lat' dir='ltr'>nactae</span> 
     </span>
     <span class='ocr_line' id='line_1_34' title="bbox 144 2069 1212 2124; baseline -0.002 -13"><span class='ocrx_word' id='word_1_225' title='bbox 144 2069 308 2111; x_wconf 87' lang='lat' dir='ltr'>Pascua</span> <span class='ocrx_word' id='word_1_226' title='bbox 338 2084 412 2124; x_wconf 88' lang='lat' dir='ltr'>per</span> <span class='ocrx_word' id='word_1_227' title='bbox 443 2070 568 2110; x_wconf 88' lang='lat' dir='ltr'>flores</span> <span class='ocrx_word' id='word_1_228' title='bbox 600 2073 642 2110; x_wconf 89' lang='lat' dir='ltr'>et</span> <span class='ocrx_word' id='word_1_229' title='bbox 673 2069 822 2123; x_wconf 81' lang='lat' dir='ltr'>thyma</span> <span class='ocrx_word' id='word_1_230' title='bbox 853 2084 1017 2110; x_wconf 84' lang='lat' dir='ltr'>summa</span> <span class='ocrx_word' id='word_1_231' title='bbox 1048 2069 1212 2124; x_wconf 85' lang='lat' dir='ltr'>volant,</span> 
     </span>
     <span class='ocr_line' id='line_1_35' title="bbox 88 2126 1192 2169; baseline -0.001 0"><span class='ocrx_word' id='word_1_232' title='bbox 88 2127 157 2169; x_wconf 86' lang='lat' dir='ltr'>Sic</span> <span class='ocrx_word' id='word_1_233' title='bbox 188 2128 274 2168; x_wconf 92' lang='lat' dir='ltr'>ruit</span> <span class='ocrx_word' id='word_1_234' title='bbox 304 2128 349 2168; x_wconf 92' lang='lat' dir='ltr'>in</span> <span class='ocrx_word' id='word_1_235' title='bbox 381 2127 567 2168; x_wconf 89' lang='lat' dir='ltr'>celebres</span> <span class='ocrx_word' id='word_1_236' title='bbox 599 2127 836 2168; x_wconf 88' lang='lat' dir='ltr'>cultissima</span> <span class='ocrx_word' id='word_1_237' title='bbox 866 2127 1023 2167; x_wconf 89' lang='lat' dir='ltr'>femina</span> <span class='ocrx_word' id='word_1_238' title='bbox 1052 2126 1192 2168; x_wconf 87' lang='lat' dir='ltr'>ludos:</span> 
     </span>
     <span class='ocr_line' id='line_1_36' title="bbox 146 2184 1089 2239; baseline -0.001 -13"><span class='ocrx_word' id='word_1_239' title='bbox 146 2184 279 2239; x_wconf 83' lang='lat' dir='ltr'>Copia</span> <span class='ocrx_word' id='word_1_240' title='bbox 308 2185 511 2226; x_wconf 89' lang='lat' dir='ltr'>iudicium</span> <span class='ocrx_word' id='word_1_241' title='bbox 544 2199 667 2239; x_wconf 87' lang='lat' dir='ltr'>saepe</span> <span class='ocrx_word' id='word_1_242' title='bbox 699 2188 865 2225; x_wconf 89' lang='lat' dir='ltr'>morata</span> <span class='ocrx_word' id='word_1_243' title='bbox 895 2187 1089 2226; x_wconf 89' lang='lat' dir='ltr'>meumst.</span> 
     </span>
     <span class='ocr_line' id='line_1_37' title="bbox 6 2241 1299 2297; baseline -0.001 -13"><span class='ocrx_word' id='word_1_244' title='bbox 6 2256 7 2264; x_wconf 62' lang='lat'>¹</span> <span class='ocrx_word' id='word_1_245' title='bbox 88 2241 335 2297; x_wconf 85' lang='lat' dir='ltr'>Spectatum</span> <span class='ocrx_word' id='word_1_246' title='bbox 365 2243 556 2295; x_wconf 82' lang='lat' dir='ltr'>veniunt3</span> <span class='ocrx_word' id='word_1_247' title='bbox 588 2243 780 2295; x_wconf 88' lang='lat' dir='ltr'>veniunt,</span> <span class='ocrx_word' id='word_1_248' title='bbox 813 2246 1056 2296; x_wconf 90' lang='lat' dir='ltr'>spectentur</span> <span class='ocrx_word' id='word_1_249' title='bbox 1087 2245 1135 2283; x_wconf 92' lang='lat' dir='ltr'>ut</span> <span class='ocrx_word' id='word_1_250' title='bbox 1164 2242 1299 2296; x_wconf 88' lang='lat' dir='ltr'>ipsae:</span> 
     </span>
     <span class='ocr_line' id='line_1_38' title="bbox 6 2300 1077 2354; baseline 0 -14"><span class='ocrx_word' id='word_1_251' title='bbox 6 2310 9 2340; x_wconf 61' lang='grc' dir='ltr'>ἑ</span> <span class='ocrx_word' id='word_1_252' title='bbox 35 2311 69 2337; x_wconf 89' lang='lat'>⁰0</span> <span class='ocrx_word' id='word_1_253' title='bbox 146 2300 223 2342; x_wconf 92' lang='lat' dir='ltr'>Ille</span> <span class='ocrx_word' id='word_1_254' title='bbox 253 2301 371 2342; x_wconf 89' lang='lat' dir='ltr'>locus</span> <span class='ocrx_word' id='word_1_255' title='bbox 405 2301 511 2342; x_wconf 86' lang='lat' dir='ltr'>casti</span> <span class='ocrx_word' id='word_1_256' title='bbox 542 2301 695 2341; x_wconf 89' lang='lat' dir='ltr'>damna</span> <span class='ocrx_word' id='word_1_257' title='bbox 725 2300 897 2354; x_wconf 88' lang='lat' dir='ltr'>pudoris</span> <span class='ocrx_word' id='word_1_258' title='bbox 928 2300 1077 2341; x_wconf 72' lang='lat' dir='ltr'>habet:</span> 
     </span>
     <span class='ocr_line' id='line_1_39' title="bbox 7 2357 1080 2412; baseline 0 -14"><span class='ocrx_word' id='word_1_259' title='bbox 7 2369 9 2375; x_wconf 87' lang='grc'><strong>’</strong></span> <span class='ocrx_word' id='word_1_260' title='bbox 85 2357 252 2400; x_wconf 89' lang='lat' dir='ltr'>Primos</span> <span class='ocrx_word' id='word_1_261' title='bbox 285 2358 492 2400; x_wconf 89' lang='lat' dir='ltr'>sollicitos</span> <span class='ocrx_word' id='word_1_262' title='bbox 523 2358 680 2411; x_wconf 87' lang='lat' dir='ltr'>fecisti,</span> <span class='ocrx_word' id='word_1_263' title='bbox 710 2358 909 2412; x_wconf 86' lang='lat' dir='ltr'>Romule,</span> <span class='ocrx_word' id='word_1_264' title='bbox 939 2358 1080 2412; x_wconf 89' lang='lat' dir='ltr'>ludos,</span> 
     </span>
    </p>
   </div>
   <div class='ocr_carea' id='block_1_4' title="bbox 0 1075 32 2662">
    <p class='ocr_par' dir='ltr' id='par_1_4' title="bbox 0 1075 32 2662">
     <span class='ocr_line' id='line_1_40' title="bbox 0 1075 32 2662; baseline 0 0"><span class='ocrx_word' id='word_1_265' title='bbox 0 1075 32 2662; x_wconf 95' lang='lat' dir='ltr'> </span> 
     </span>
    </p>
   </div>
  </div>
 </body>
</html>
