<?xml version="1.0" encoding="UTF-8"?>
<!DOCTYPE html PUBLIC "-//W3C//DTD XHTML 1.0 Transitional//EN"
    "http://www.w3.org/TR/xhtml1/DTD/xhtml1-transitional.dtd">
<html xmlns="http://www.w3.org/1999/xhtml" xml:lang="en" lang="en">
 <head>
  <title>
</title>
<meta http-equiv="Content-Type" content="text/html;charset=utf-8" />
  <meta name='ocr-system' content='tesseract 3.04.00' />
  <meta name='ocr-capabilities' content='ocr_page ocr_carea ocr_par ocr_line ocrx_word'/>
</head>
<body>
  <div class='ocr_page' id='page_1' title='image "./operaovid03oviduoft_0155.png"; bbox 0 0 1674 2662; ppageno 0'>
   <div class='ocr_carea' id='block_1_1' title="bbox 519 143 1483 188">
    <p class='ocr_par' dir='ltr' id='par_1_1' title="bbox 519 143 1483 188">
     <span class='ocr_line' id='line_1_1' title="bbox 519 143 1483 188; baseline 0.012 -11"><span class='ocrx_word' id='word_1_1' title='bbox 519 143 613 178; x_wconf 84' lang='lat' dir='ltr'><strong>VIII.</strong></span> <span class='ocrx_word' id='word_1_2' title='bbox 640 144 934 179; x_wconf 85' lang='lat' dir='ltr'>HERMIONE</span> <span class='ocrx_word' id='word_1_3' title='bbox 960 154 1106 180; x_wconf 80' lang='lat'><strong>37—110.</strong></span> <span class='ocrx_word' id='word_1_4' title='bbox 1401 147 1483 188; x_wconf 82' lang='lat'>103</span> 
     </span>
    </p>
   </div>
   <div class='ocr_carea' id='block_1_2' title="bbox 74 238 1483 2385">
    <p class='ocr_par' dir='ltr' id='par_1_2' title="bbox 74 238 1482 1806">
     <span class='ocr_line' id='line_1_2' title="bbox 202 238 1201 295; baseline 0.001 -15"><span class='ocrx_word' id='word_1_5' title='bbox 202 239 428 295; x_wconf 84' lang='lat' dir='ltr'>Argolicas</span> <span class='ocrx_word' id='word_1_6' title='bbox 460 253 537 293; x_wconf 88' lang='lat' dir='ltr'>pro</span> <span class='ocrx_word' id='word_1_7' title='bbox 571 254 615 280; x_wconf 92' lang='lat' dir='ltr'>se</span> <span class='ocrx_word' id='word_1_8' title='bbox 646 239 776 280; x_wconf 85' lang='lat' dir='ltr'>vertit</span> <span class='ocrx_word' id='word_1_9' title='bbox 807 238 852 279; x_wconf 83' lang='lat' dir='ltr'>in</span> <span class='ocrx_word' id='word_1_10' title='bbox 887 253 1004 280; x_wconf 86' lang='lat' dir='ltr'>arma</span> <span class='ocrx_word' id='word_1_11' title='bbox 1035 240 1201 281; x_wconf 89' lang='lat' dir='ltr'>manus!</span> 
     </span>
     <span class='ocr_line' id='line_1_3' title="bbox 95 297 1444 353; baseline 0.002 -16"><span class='ocrx_word' id='word_1_12' title='bbox 95 309 127 335; x_wconf 74' lang='lat'>⁷5</span> <span class='ocrx_word' id='word_1_13' title='bbox 146 297 230 338; x_wconf 79' lang='lat' dir='ltr'>Vix</span> <span class='ocrx_word' id='word_1_14' title='bbox 263 297 457 351; x_wconf 81' lang='lat' dir='ltr'>equidem</span> <span class='ocrx_word' id='word_1_15' title='bbox 490 297 682 351; x_wconf 88' lang='lat' dir='ltr'>memini,</span> <span class='ocrx_word' id='word_1_16' title='bbox 713 297 886 338; x_wconf 87' lang='lat' dir='ltr'>memini</span> <span class='ocrx_word' id='word_1_17' title='bbox 917 300 1078 338; x_wconf 91' lang='lat' dir='ltr'>tamen:</span> <span class='ocrx_word' id='word_1_18' title='bbox 1112 298 1254 339; x_wconf 88' lang='lat' dir='ltr'>omnia</span> <span class='ocrx_word' id='word_1_19' title='bbox 1285 299 1444 353; x_wconf 86' lang='lat' dir='ltr'>luctus,</span> 
     </span>
     <span class='ocr_line' id='line_1_4' title="bbox 203 354 1087 410; baseline 0 -14"><span class='ocrx_word' id='word_1_20' title='bbox 203 354 357 396; x_wconf 89' lang='lat' dir='ltr'>Omnia</span> <span class='ocrx_word' id='word_1_21' title='bbox 388 355 562 397; x_wconf 74' lang='lat' dir='ltr'>solliciti</span> <span class='ocrx_word' id='word_1_22' title='bbox 593 356 719 409; x_wconf 90' lang='lat' dir='ltr'>plena</span> <span class='ocrx_word' id='word_1_23' title='bbox 749 355 917 396; x_wconf 84' lang='lat' dir='ltr'>timoris</span> <span class='ocrx_word' id='word_1_24' title='bbox 950 359 1087 410; x_wconf 62' lang='lat' dir='ltr'>erant,</span> 
     </span>
     <span class='ocr_line' id='line_1_5' title="bbox 145 413 1366 470; baseline 0.001 -16"><span class='ocrx_word' id='word_1_25' title='bbox 145 413 297 455; x_wconf 89' lang='lat' dir='ltr'>Flebat</span> <span class='ocrx_word' id='word_1_26' title='bbox 330 428 432 454; x_wconf 88' lang='lat' dir='ltr'>avus</span> <span class='ocrx_word' id='word_1_27' title='bbox 464 413 719 467; x_wconf 82' lang='lat' dir='ltr'>Phoebeque</span> <span class='ocrx_word' id='word_1_28' title='bbox 752 427 873 454; x_wconf 90' lang='lat' dir='ltr'>soror</span> <span class='ocrx_word' id='word_1_29' title='bbox 904 413 1141 468; x_wconf 70' lang='lat' dir='ltr'><strong>fratresque</strong></span> <span class='ocrx_word' id='word_1_30' title='bbox 1177 414 1366 470; x_wconf 82' lang='lat' dir='ltr'>gemelli,</span> 
     </span>
     <span class='ocr_line' id='line_1_6' title="bbox 203 470 1154 526; baseline 0.001 -14"><span class='ocrx_word' id='word_1_31' title='bbox 203 470 365 513; x_wconf 88' lang='lat' dir='ltr'>Orabat</span> <span class='ocrx_word' id='word_1_32' title='bbox 397 486 572 526; x_wconf 88' lang='lat' dir='ltr'>superos</span> <span class='ocrx_word' id='word_1_33' title='bbox 604 471 720 512; x_wconf 87' lang='lat' dir='ltr'>Leda</span> <span class='ocrx_word' id='word_1_34' title='bbox 752 486 959 525; x_wconf 90' lang='lat' dir='ltr'>suumque</span> <span class='ocrx_word' id='word_1_35' title='bbox 991 471 1154 525; x_wconf 83' lang='lat' dir='ltr'>Iovem3</span> 
     </span>
     <span class='ocr_line' id='line_1_7' title="bbox 144 529 1334 585; baseline 0.001 -15"><span class='ocrx_word' id='word_1_36' title='bbox 144 529 243 584; x_wconf 88' lang='lat' dir='ltr'>Ipsa</span> <span class='ocrx_word' id='word_1_37' title='bbox 275 544 376 585; x_wconf 83' lang='lat' dir='ltr'>ego,</span> <span class='ocrx_word' id='word_1_38' title='bbox 407 544 494 570; x_wconf 91' lang='lat' dir='ltr'>non</span> <span class='ocrx_word' id='word_1_39' title='bbox 523 530 677 585; x_wconf 82' lang='lat' dir='ltr'>longos</span> <span class='ocrx_word' id='word_1_40' title='bbox 709 530 941 571; x_wconf 72' lang='lat' dir='ltr'>etiamtunc</span> <span class='ocrx_word' id='word_1_41' title='bbox 974 530 1107 571; x_wconf 88' lang='lat' dir='ltr'>scissa</span> <span class='ocrx_word' id='word_1_42' title='bbox 1139 530 1334 585; x_wconf 86' lang='lat' dir='ltr'>capillos,</span> 
     </span>
     <span class='ocr_line' id='line_1_8' title="bbox 91 586 1306 643; baseline 0.001 -15"><span class='ocrx_word' id='word_1_43' title='bbox 91 599 126 625; x_wconf 84' lang='lat'>80</span> <span class='ocrx_word' id='word_1_44' title='bbox 204 586 454 629; x_wconf 79' lang='lat' dir='ltr'>Clamabam</span> <span class='ocrx_word' id='word_1_45' title='bbox 486 588 591 629; x_wconf 72' lang='lat' dir='ltr'>‘sine</span> <span class='ocrx_word' id='word_1_46' title='bbox 625 603 709 642; x_wconf 84' lang='lat' dir='ltr'>me,</span> <span class='ocrx_word' id='word_1_47' title='bbox 745 603 811 629; x_wconf 89' lang='lat' dir='ltr'>me</span> <span class='ocrx_word' id='word_1_48' title='bbox 844 588 952 642; x_wconf 89' lang='lat' dir='ltr'>sine,</span> <span class='ocrx_word' id='word_1_49' title='bbox 983 591 1139 643; x_wconf 87' lang='lat' dir='ltr'>mater,</span> <span class='ocrx_word' id='word_1_50' title='bbox 1170 588 1306 630; x_wconf 54' lang='lat' dir='ltr'>abis?</span> 
     </span>
     <span class='ocr_line' id='line_1_9' title="bbox 143 645 1385 702; baseline 0.001 -15"><span class='ocrx_word' id='word_1_51' title='bbox 143 645 256 687; x_wconf 87' lang='lat' dir='ltr'>Nam</span> <span class='ocrx_word' id='word_1_52' title='bbox 289 646 473 687; x_wconf 79' lang='lat' dir='ltr'>conjunx</span> <span class='ocrx_word' id='word_1_53' title='bbox 505 647 667 687; x_wconf 85' lang='lat' dir='ltr'>aberat!</span> <span class='ocrx_word' id='word_1_54' title='bbox 705 670 753 675; x_wconf 91' lang='lat'><em>—</em></span> <span class='ocrx_word' id='word_1_55' title='bbox 788 661 840 687; x_wconf 91' lang='lat' dir='ltr'>ne</span> <span class='ocrx_word' id='word_1_56' title='bbox 873 660 959 686; x_wconf 91' lang='lat' dir='ltr'>non</span> <span class='ocrx_word' id='word_1_57' title='bbox 989 646 1190 701; x_wconf 84' lang='lat' dir='ltr'>Pelopeia</span> <span class='ocrx_word' id='word_1_58' title='bbox 1222 647 1385 702; x_wconf 87' lang='lat' dir='ltr'>credar,</span> 
     </span>
     <span class='ocr_line' id='line_1_10' title="bbox 203 703 1118 759; baseline 0.001 -15"><span class='ocrx_word' id='word_1_59' title='bbox 203 704 332 759; x_wconf 88' lang='lat' dir='ltr'>Ecce,</span> <span class='ocrx_word' id='word_1_60' title='bbox 363 703 647 758; x_wconf 75' lang='lat' dir='ltr'>Neoptolemo</span> <span class='ocrx_word' id='word_1_61' title='bbox 678 705 835 758; x_wconf 86' lang='lat' dir='ltr'>praeda</span> <span class='ocrx_word' id='word_1_62' title='bbox 865 707 1015 758; x_wconf 87' lang='lat' dir='ltr'>parata</span> <span class='ocrx_word' id='word_1_63' title='bbox 1046 705 1118 745; x_wconf 86' lang='lat' dir='ltr'>fui.</span> 
     </span>
     <span class='ocr_line' id='line_1_11' title="bbox 143 761 1133 816; baseline 0.001 -14"><span class='ocrx_word' id='word_1_64' title='bbox 143 761 309 803; x_wconf 84' lang='lat' dir='ltr'>Pelides</span> <span class='ocrx_word' id='word_1_65' title='bbox 342 763 507 803; x_wconf 87' lang='lat' dir='ltr'>utinam</span> <span class='ocrx_word' id='word_1_66' title='bbox 538 763 716 804; x_wconf 83' lang='lat' dir='ltr'>vitasset</span> <span class='ocrx_word' id='word_1_67' title='bbox 748 762 961 816; x_wconf 82' lang='lat' dir='ltr'>Apollinis</span> <span class='ocrx_word' id='word_1_68' title='bbox 994 764 1133 804; x_wconf 80' lang='lat' dir='ltr'>arcus!</span> 
     </span>
     <span class='ocr_line' id='line_1_12' title="bbox 202 820 1102 874; baseline 0 -13"><span class='ocrx_word' id='word_1_69' title='bbox 202 820 436 861; x_wconf 75' lang='lat' dir='ltr'>Damnaret</span> <span class='ocrx_word' id='word_1_70' title='bbox 466 820 559 861; x_wconf 86' lang='lat' dir='ltr'>nati</span> <span class='ocrx_word' id='word_1_71' title='bbox 590 820 705 862; x_wconf 84' lang='lat' dir='ltr'>facta</span> <span class='ocrx_word' id='word_1_72' title='bbox 734 824 935 874; x_wconf 87' lang='lat' dir='ltr'>proterva</span> <span class='ocrx_word' id='word_1_73' title='bbox 964 824 1102 874; x_wconf 88' lang='lat' dir='ltr'>pater:</span> 
     </span>
     <span class='ocr_line' id='line_1_13' title="bbox 91 877 1378 932; baseline 0.004 -17"><span class='ocrx_word' id='word_1_74' title='bbox 91 890 124 915; x_wconf 81' lang='lat'>85</span> <span class='ocrx_word' id='word_1_75' title='bbox 145 877 234 919; x_wconf 76' lang='lat' dir='ltr'>Nec</span> <span class='ocrx_word' id='word_1_76' title='bbox 268 879 481 932; x_wconf 86' lang='lat' dir='ltr'>quondam</span> <span class='ocrx_word' id='word_1_77' title='bbox 511 879 673 932; x_wconf 82' lang='lat' dir='ltr'>placuit</span> <span class='ocrx_word' id='word_1_78' title='bbox 703 893 779 919; x_wconf 88' lang='lat' dir='ltr'>nec</span> <span class='ocrx_word' id='word_1_79' title='bbox 809 893 922 920; x_wconf 92' lang='lat' dir='ltr'>nunc</span> <span class='ocrx_word' id='word_1_80' title='bbox 953 879 1186 932; x_wconf 81' lang='lat' dir='ltr'>placuisset</span> <span class='ocrx_word' id='word_1_81' title='bbox 1217 879 1378 921; x_wconf 86' lang='lat' dir='ltr'>Achilli</span> 
     </span>
     <span class='ocr_line' id='line_1_14' title="bbox 202 936 1131 990; baseline 0.001 -14"><span class='ocrx_word' id='word_1_82' title='bbox 202 936 401 977; x_wconf 83' lang='lat' dir='ltr'>Abducta</span> <span class='ocrx_word' id='word_1_83' title='bbox 432 937 605 977; x_wconf 88' lang='lat' dir='ltr'>viduum</span> <span class='ocrx_word' id='word_1_84' title='bbox 638 936 817 990; x_wconf 82' lang='lat' dir='ltr'>coniuge</span> <span class='ocrx_word' id='word_1_85' title='bbox 849 937 949 977; x_wconf 86' lang='lat' dir='ltr'>flere</span> <span class='ocrx_word' id='word_1_86' title='bbox 981 937 1131 977; x_wconf 83' lang='lat' dir='ltr'>virum.</span> 
     </span>
     <span class='ocr_line' id='line_1_15' title="bbox 143 994 1151 1048; baseline 0.001 -14"><span class='ocrx_word' id='word_1_87' title='bbox 143 994 258 1042; x_wconf 81' lang='lat' dir='ltr'>Quae</span> <span class='ocrx_word' id='word_1_88' title='bbox 290 1008 384 1035; x_wconf 88' lang='lat' dir='ltr'>mea</span> <span class='ocrx_word' id='word_1_89' title='bbox 415 994 610 1035; x_wconf 87' lang='lat' dir='ltr'>caelestis</span> <span class='ocrx_word' id='word_1_90' title='bbox 642 994 798 1034; x_wconf 88' lang='lat' dir='ltr'>iniuria</span> <span class='ocrx_word' id='word_1_91' title='bbox 828 994 930 1035; x_wconf 83' lang='lat' dir='ltr'>fecit</span> <span class='ocrx_word' id='word_1_92' title='bbox 961 994 1151 1048; x_wconf 83' lang='lat' dir='ltr'>iniquos,</span> 
     </span>
     <span class='ocr_line' id='line_1_16' title="bbox 202 1051 1270 1106; baseline 0.001 -14"><span class='ocrx_word' id='word_1_93' title='bbox 202 1051 373 1099; x_wconf 80' lang='lat' dir='ltr'>Quodve</span> <span class='ocrx_word' id='word_1_94' title='bbox 406 1052 511 1093; x_wconf 82' lang='lat' dir='ltr'>mihi</span> <span class='ocrx_word' id='word_1_95' title='bbox 543 1052 722 1093; x_wconf 84' lang='lat' dir='ltr'>miserae</span> <span class='ocrx_word' id='word_1_96' title='bbox 755 1052 872 1093; x_wconf 86' lang='lat' dir='ltr'>sidus</span> <span class='ocrx_word' id='word_1_97' title='bbox 907 1052 1055 1093; x_wconf 88' lang='lat' dir='ltr'>obesse</span> <span class='ocrx_word' id='word_1_98' title='bbox 1089 1052 1270 1106; x_wconf 75' lang='lat' dir='ltr'>querar?</span> 
     </span>
     <span class='ocr_line' id='line_1_17' title="bbox 142 1109 1319 1166; baseline 0.002 -16"><span class='ocrx_word' id='word_1_99' title='bbox 142 1109 278 1151; x_wconf 87' lang='lat' dir='ltr'>Parva</span> <span class='ocrx_word' id='word_1_100' title='bbox 309 1125 403 1152; x_wconf 89' lang='lat' dir='ltr'>mea</span> <span class='ocrx_word' id='word_1_101' title='bbox 436 1110 524 1151; x_wconf 89' lang='lat' dir='ltr'>sine</span> <span class='ocrx_word' id='word_1_102' title='bbox 557 1113 691 1151; x_wconf 89' lang='lat' dir='ltr'>matre</span> <span class='ocrx_word' id='word_1_103' title='bbox 724 1110 804 1164; x_wconf 83' lang='lat' dir='ltr'>fui,</span> <span class='ocrx_word' id='word_1_104' title='bbox 834 1113 957 1164; x_wconf 90' lang='lat' dir='ltr'>pater</span> <span class='ocrx_word' id='word_1_105' title='bbox 988 1125 1107 1151; x_wconf 89' lang='lat' dir='ltr'>arma</span> <span class='ocrx_word' id='word_1_106' title='bbox 1137 1111 1319 1166; x_wconf 84' lang='lat' dir='ltr'>ferebat,</span> 
     </span>
     <span class='ocr_line' id='line_1_18' title="bbox 90 1167 1189 1222; baseline 0.001 -13"><span class='ocrx_word' id='word_1_107' title='bbox 90 1179 123 1204; x_wconf 76' lang='lat'>90</span> <span class='ocrx_word' id='word_1_108' title='bbox 201 1168 259 1209; x_wconf 90' lang='lat' dir='ltr'>Et</span> <span class='ocrx_word' id='word_1_109' title='bbox 291 1167 373 1209; x_wconf 90' lang='lat' dir='ltr'>duo</span> <span class='ocrx_word' id='word_1_110' title='bbox 407 1183 502 1209; x_wconf 89' lang='lat' dir='ltr'>cum</span> <span class='ocrx_word' id='word_1_111' title='bbox 533 1168 697 1222; x_wconf 87' lang='lat' dir='ltr'>vivant,</span> <span class='ocrx_word' id='word_1_112' title='bbox 729 1169 834 1209; x_wconf 89' lang='lat' dir='ltr'>orba</span> <span class='ocrx_word' id='word_1_113' title='bbox 864 1169 1029 1209; x_wconf 89' lang='lat' dir='ltr'>duobus</span> <span class='ocrx_word' id='word_1_114' title='bbox 1063 1183 1189 1210; x_wconf 89' lang='lat' dir='ltr'>eram.</span> 
     </span>
     <span class='ocr_line' id='line_1_19' title="bbox 142 1224 1354 1281; baseline 0.002 -15"><span class='ocrx_word' id='word_1_115' title='bbox 142 1224 242 1267; x_wconf 82' lang='lat' dir='ltr'>Non</span> <span class='ocrx_word' id='word_1_116' title='bbox 272 1226 353 1267; x_wconf 89' lang='lat' dir='ltr'>tibi</span> <span class='ocrx_word' id='word_1_117' title='bbox 384 1227 614 1268; x_wconf 84' lang='lat' dir='ltr'>blanditias</span> <span class='ocrx_word' id='word_1_118' title='bbox 646 1226 814 1281; x_wconf 87' lang='lat' dir='ltr'>primis,</span> <span class='ocrx_word' id='word_1_119' title='bbox 845 1241 940 1267; x_wconf 90' lang='lat' dir='ltr'>mea</span> <span class='ocrx_word' id='word_1_120' title='bbox 971 1230 1125 1281; x_wconf 88' lang='lat' dir='ltr'>mater,</span> <span class='ocrx_word' id='word_1_121' title='bbox 1155 1227 1202 1268; x_wconf 92' lang='lat' dir='ltr'>in</span> <span class='ocrx_word' id='word_1_122' title='bbox 1233 1228 1354 1269; x_wconf 82' lang='lat' dir='ltr'>annis</span> 
     </span>
     <span class='ocr_line' id='line_1_20' title="bbox 200 1284 949 1339; baseline -0.001 -14"><span class='ocrx_word' id='word_1_123' title='bbox 200 1284 372 1325; x_wconf 89' lang='lat' dir='ltr'>Incerto</span> <span class='ocrx_word' id='word_1_124' title='bbox 405 1285 539 1326; x_wconf 85' lang='lat' dir='ltr'>dictas</span> <span class='ocrx_word' id='word_1_125' title='bbox 574 1299 645 1326; x_wconf 92' lang='lat' dir='ltr'>ore</span> <span class='ocrx_word' id='word_1_126' title='bbox 676 1285 818 1339; x_wconf 87' lang='lat' dir='ltr'>puella</span> <span class='ocrx_word' id='word_1_127' title='bbox 850 1284 949 1338; x_wconf 91' lang='lat' dir='ltr'>tuli,</span> 
     </span>
     <span class='ocr_line' id='line_1_21' title="bbox 141 1341 1236 1397; baseline 0.002 -15"><span class='ocrx_word' id='word_1_128' title='bbox 141 1341 242 1382; x_wconf 80' lang='lat' dir='ltr'>Non</span> <span class='ocrx_word' id='word_1_129' title='bbox 273 1357 352 1397; x_wconf 82' lang='lat' dir='ltr'>ego</span> <span class='ocrx_word' id='word_1_130' title='bbox 386 1343 553 1396; x_wconf 82' lang='lat' dir='ltr'>captavi</span> <span class='ocrx_word' id='word_1_131' title='bbox 585 1343 786 1383; x_wconf 86' lang='lat' dir='ltr'>brevibus</span> <span class='ocrx_word' id='word_1_132' title='bbox 818 1346 894 1383; x_wconf 89' lang='lat' dir='ltr'>tua</span> <span class='ocrx_word' id='word_1_133' title='bbox 925 1342 1035 1384; x_wconf 90' lang='lat' dir='ltr'>colla</span> <span class='ocrx_word' id='word_1_134' title='bbox 1065 1343 1236 1384; x_wconf 88' lang='lat' dir='ltr'>lacertis</span> 
     </span>
     <span class='ocr_line' id='line_1_22' title="bbox 200 1399 1085 1456; baseline 0 -15"><span class='ocrx_word' id='word_1_135' title='bbox 200 1399 289 1442; x_wconf 87' lang='lat' dir='ltr'>Nec</span> <span class='ocrx_word' id='word_1_136' title='bbox 323 1401 485 1456; x_wconf 81' lang='lat' dir='ltr'>gremio</span> <span class='ocrx_word' id='word_1_137' title='bbox 519 1401 607 1442; x_wconf 82' lang='lat' dir='ltr'>sedi</span> <span class='ocrx_word' id='word_1_138' title='bbox 640 1401 805 1442; x_wconf 82' lang='lat' dir='ltr'>sarcina</span> <span class='ocrx_word' id='word_1_139' title='bbox 838 1404 961 1455; x_wconf 83' lang='lat' dir='ltr'>grata</span> <span class='ocrx_word' id='word_1_140' title='bbox 991 1404 1085 1454; x_wconf 80' lang='lat' dir='ltr'>tuo3</span> 
     </span>
     <span class='ocr_line' id='line_1_23' title="bbox 89 1458 1244 1513; baseline 0.001 -14"><span class='ocrx_word' id='word_1_141' title='bbox 89 1470 122 1495; x_wconf 80' lang='lat'>95</span> <span class='ocrx_word' id='word_1_142' title='bbox 141 1458 241 1499; x_wconf 82' lang='lat' dir='ltr'>Non</span> <span class='ocrx_word' id='word_1_143' title='bbox 273 1459 412 1500; x_wconf 88' lang='lat' dir='ltr'>cultus</span> <span class='ocrx_word' id='word_1_144' title='bbox 444 1459 525 1499; x_wconf 88' lang='lat' dir='ltr'>tibi</span> <span class='ocrx_word' id='word_1_145' title='bbox 558 1473 658 1500; x_wconf 86' lang='lat' dir='ltr'>cura</span> <span class='ocrx_word' id='word_1_146' title='bbox 690 1459 791 1513; x_wconf 87' lang='lat' dir='ltr'>mei,</span> <span class='ocrx_word' id='word_1_147' title='bbox 821 1473 898 1500; x_wconf 90' lang='lat' dir='ltr'>nec</span> <span class='ocrx_word' id='word_1_148' title='bbox 929 1462 1057 1512; x_wconf 84' lang='lat' dir='ltr'>pacta</span> <span class='ocrx_word' id='word_1_149' title='bbox 1089 1459 1244 1500; x_wconf 89' lang='lat' dir='ltr'>marito</span> 
     </span>
     <span class='ocr_line' id='line_1_24' title="bbox 200 1517 1164 1570; baseline 0.001 -13"><span class='ocrx_word' id='word_1_150' title='bbox 200 1517 364 1558; x_wconf 86' lang='lat' dir='ltr'>Intravi</span> <span class='ocrx_word' id='word_1_151' title='bbox 395 1517 608 1558; x_wconf 87' lang='lat' dir='ltr'>thalamos</span> <span class='ocrx_word' id='word_1_152' title='bbox 641 1520 776 1558; x_wconf 88' lang='lat' dir='ltr'>matre</span> <span class='ocrx_word' id='word_1_153' title='bbox 808 1520 986 1570; x_wconf 84' lang='lat' dir='ltr'>parante</span> <span class='ocrx_word' id='word_1_154' title='bbox 1018 1531 1164 1558; x_wconf 84' lang='lat' dir='ltr'>novos.</span> 
     </span>
     <span class='ocr_line' id='line_1_25' title="bbox 143 1574 1220 1629; baseline 0 -13"><span class='ocrx_word' id='word_1_155' title='bbox 143 1574 278 1616; x_wconf 84' lang='lat' dir='ltr'>Obvia</span> <span class='ocrx_word' id='word_1_156' title='bbox 307 1575 550 1629; x_wconf 86' lang='lat' dir='ltr'>prodieram</span> <span class='ocrx_word' id='word_1_157' title='bbox 582 1575 725 1616; x_wconf 87' lang='lat' dir='ltr'>reduci</span> <span class='ocrx_word' id='word_1_158' title='bbox 757 1575 838 1616; x_wconf 91' lang='lat' dir='ltr'>tibi</span> <span class='ocrx_word' id='word_1_159' title='bbox 871 1578 986 1626; x_wconf 82' lang='lat' dir='ltr'>(vera</span> <span class='ocrx_word' id='word_1_160' title='bbox 1016 1575 1220 1629; x_wconf 82' lang='lat' dir='ltr'>fatebor),</span> 
     </span>
     <span class='ocr_line' id='line_1_26' title="bbox 200 1632 1094 1687; baseline 0 -13"><span class='ocrx_word' id='word_1_161' title='bbox 200 1632 290 1674; x_wconf 86' lang='lat' dir='ltr'>Nec</span> <span class='ocrx_word' id='word_1_162' title='bbox 320 1633 451 1674; x_wconf 85' lang='lat' dir='ltr'>facies</span> <span class='ocrx_word' id='word_1_163' title='bbox 476 1633 602 1674; x_wconf 89' lang='lat' dir='ltr'>nobis</span> <span class='ocrx_word' id='word_1_164' title='bbox 634 1636 738 1674; x_wconf 88' lang='lat' dir='ltr'>nota</span> <span class='ocrx_word' id='word_1_165' title='bbox 768 1633 957 1687; x_wconf 89' lang='lat' dir='ltr'>parentis</span> <span class='ocrx_word' id='word_1_166' title='bbox 986 1636 1094 1674; x_wconf 89' lang='lat' dir='ltr'>erat:</span> 
     </span>
     <span class='ocr_line' id='line_1_27' title="bbox 141 1691 1482 1746; baseline -0.001 -14"><span class='ocrx_word' id='word_1_167' title='bbox 141 1691 199 1732; x_wconf 89' lang='lat' dir='ltr'>Te</span> <span class='ocrx_word' id='word_1_168' title='bbox 225 1694 369 1732; x_wconf 90' lang='lat' dir='ltr'>tamen</span> <span class='ocrx_word' id='word_1_169' title='bbox 401 1706 492 1732; x_wconf 90' lang='lat' dir='ltr'>esse</span> <span class='ocrx_word' id='word_1_170' title='bbox 518 1691 727 1746; x_wconf 80' lang='lat' dir='ltr'>Helenen,</span> <span class='ocrx_word' id='word_1_171' title='bbox 759 1692 872 1746; x_wconf 90' lang='lat' dir='ltr'>quod</span> <span class='ocrx_word' id='word_1_172' title='bbox 897 1706 989 1732; x_wconf 87' lang='lat' dir='ltr'>eras</span> <span class='ocrx_word' id='word_1_173' title='bbox 1014 1691 1319 1746; x_wconf 88' lang='lat' dir='ltr'>pulcherrima,</span> <span class='ocrx_word' id='word_1_174' title='bbox 1351 1692 1482 1746; x_wconf 70' lang='lat' dir='ltr'>sensi,</span> 
     </span>
     <span class='ocr_line' id='line_1_28' title="bbox 74 1749 1125 1806; baseline 0.006 -22"><span class='ocrx_word' id='word_1_175' title='bbox 74 1760 124 1785; x_wconf 84' lang='lat'>100</span> <span class='ocrx_word' id='word_1_176' title='bbox 200 1749 300 1804; x_wconf 86' lang='lat' dir='ltr'>Ipsa</span> <span class='ocrx_word' id='word_1_177' title='bbox 330 1750 595 1803; x_wconf 76' lang='lat' dir='ltr'>requirebas,</span> <span class='ocrx_word' id='word_1_178' title='bbox 627 1764 733 1803; x_wconf 89' lang='lat' dir='ltr'>quae</span> <span class='ocrx_word' id='word_1_179' title='bbox 765 1753 841 1790; x_wconf 89' lang='lat' dir='ltr'>tua</span> <span class='ocrx_word' id='word_1_180' title='bbox 870 1753 973 1790; x_wconf 86' lang='lat' dir='ltr'>nata.</span> <span class='ocrx_word' id='word_1_181' title='bbox 1003 1750 1125 1806; x_wconf 81' lang='lat' dir='ltr'>foret.</span> 
     </span>
    </p>

    <p class='ocr_par' dir='ltr' id='par_1_3' title="bbox 142 1806 1391 1978">
     <span class='ocr_line' id='line_1_29' title="bbox 142 1806 1391 1862; baseline 0 -14"><span class='ocrx_word' id='word_1_182' title='bbox 142 1807 246 1848; x_wconf 88' lang='lat' dir='ltr'>Pars</span> <span class='ocrx_word' id='word_1_183' title='bbox 278 1808 383 1849; x_wconf 88' lang='lat' dir='ltr'>haec</span> <span class='ocrx_word' id='word_1_184' title='bbox 414 1822 500 1848; x_wconf 88' lang='lat' dir='ltr'>una</span> <span class='ocrx_word' id='word_1_185' title='bbox 530 1808 655 1862; x_wconf 87' lang='lat' dir='ltr'>mihi,</span> <span class='ocrx_word' id='word_1_186' title='bbox 688 1808 871 1849; x_wconf 76' lang='lat' dir='ltr'>coniunx</span> <span class='ocrx_word' id='word_1_187' title='bbox 902 1808 1008 1849; x_wconf 89' lang='lat' dir='ltr'>bene</span> <span class='ocrx_word' id='word_1_188' title='bbox 1042 1807 1169 1848; x_wconf 86' lang='lat' dir='ltr'>cessit</span> <span class='ocrx_word' id='word_1_189' title='bbox 1202 1806 1391 1848; x_wconf 87' lang='lat' dir='ltr'>Orestes:</span> 
     </span>
     <span class='ocr_line' id='line_1_30' title="bbox 200 1865 1318 1920; baseline 0 -14"><span class='ocrx_word' id='word_1_190' title='bbox 200 1865 242 1906; x_wconf 92' lang='lat' dir='ltr'>Is</span> <span class='ocrx_word' id='word_1_191' title='bbox 277 1880 463 1920; x_wconf 88' lang='lat' dir='ltr'>quoque,</span> <span class='ocrx_word' id='word_1_192' title='bbox 493 1866 538 1906; x_wconf 83' lang='lat' dir='ltr'>ni</span> <span class='ocrx_word' id='word_1_193' title='bbox 569 1880 646 1919; x_wconf 89' lang='grc'><strong>1110</strong></span> <span class='ocrx_word' id='word_1_194' title='bbox 680 1880 723 1906; x_wconf 93' lang='lat' dir='ltr'>se</span> <span class='ocrx_word' id='word_1_195' title='bbox 754 1869 939 1920; x_wconf 79' lang='lat' dir='ltr'>pugnat,</span> <span class='ocrx_word' id='word_1_196' title='bbox 971 1866 1194 1919; x_wconf 87' lang='lat' dir='ltr'>ademptus</span> <span class='ocrx_word' id='word_1_197' title='bbox 1227 1866 1318 1906; x_wconf 88' lang='lat' dir='ltr'>erit.</span> 
     </span>
     <span class='ocr_line' id='line_1_31' title="bbox 142 1922 1368 1978; baseline 0.001 -14"><span class='ocrx_word' id='word_1_198' title='bbox 142 1922 331 1978; x_wconf 86' lang='lat' dir='ltr'>Pyrrhus</span> <span class='ocrx_word' id='word_1_199' title='bbox 362 1924 493 1965; x_wconf 85' lang='lat' dir='ltr'>habet</span> <span class='ocrx_word' id='word_1_200' title='bbox 525 1927 695 1977; x_wconf 89' lang='lat' dir='ltr'>captam</span> <span class='ocrx_word' id='word_1_201' title='bbox 725 1924 876 1965; x_wconf 84' lang='lat' dir='ltr'>reduce</span> <span class='ocrx_word' id='word_1_202' title='bbox 909 1926 951 1964; x_wconf 89' lang='lat' dir='ltr'>et</span> <span class='ocrx_word' id='word_1_203' title='bbox 983 1924 1144 1964; x_wconf 69' lang='lat' dir='ltr'>victore</span> <span class='ocrx_word' id='word_1_204' title='bbox 1175 1927 1368 1977; x_wconf 87' lang='lat' dir='ltr'>parente:</span> 
     </span>
    </p>

    <p class='ocr_par' dir='ltr' id='par_1_4' title="bbox 75 1981 1483 2385">
     <span class='ocr_line' id='line_1_32' title="bbox 201 1981 1156 2023; baseline 0 -1"><span class='ocrx_word' id='word_1_205' title='bbox 201 1981 355 2023; x_wconf 89' lang='lat' dir='ltr'>Munus</span> <span class='ocrx_word' id='word_1_206' title='bbox 389 1985 432 2022; x_wconf 92' lang='lat' dir='ltr'>et</span> <span class='ocrx_word' id='word_1_207' title='bbox 464 1983 503 2023; x_wconf 83' lang='lat' dir='ltr'>a!</span> <span class='ocrx_word' id='word_1_208' title='bbox 535 1982 661 2022; x_wconf 91' lang='lat' dir='ltr'>nobis</span> <span class='ocrx_word' id='word_1_209' title='bbox 695 1981 835 2022; x_wconf 84' lang='lat' dir='ltr'>diruta</span> <span class='ocrx_word' id='word_1_210' title='bbox 865 1981 993 2022; x_wconf 89' lang='lat' dir='ltr'>Troia</span> <span class='ocrx_word' id='word_1_211' title='bbox 1025 1981 1156 2022; x_wconf 85' lang='lat' dir='ltr'>dedit!</span> 
     </span>
     <span class='ocr_line' id='line_1_33' title="bbox 75 2038 1362 2095; baseline 0.001 -15"><span class='ocrx_word' id='word_1_212' title='bbox 75 2050 123 2075; x_wconf 88' lang='lat'>105</span> <span class='ocrx_word' id='word_1_213' title='bbox 143 2038 250 2080; x_wconf 82' lang='lat' dir='ltr'>Cum</span> <span class='ocrx_word' id='word_1_214' title='bbox 280 2043 426 2081; x_wconf 89' lang='lat' dir='ltr'>tamen</span> <span class='ocrx_word' id='word_1_215' title='bbox 458 2041 570 2080; x_wconf 90' lang='lat' dir='ltr'>altus</span> <span class='ocrx_word' id='word_1_216' title='bbox 603 2039 721 2092; x_wconf 90' lang='lat' dir='ltr'>equis</span> <span class='ocrx_word' id='word_1_217' title='bbox 754 2039 881 2080; x_wconf 85' lang='lat' dir='ltr'>Titan</span> <span class='ocrx_word' id='word_1_218' title='bbox 911 2039 1179 2080; x_wconf 82' lang='lat' dir='ltr'>radiantibus</span> <span class='ocrx_word' id='word_1_219' title='bbox 1210 2039 1362 2095; x_wconf 85' lang='lat' dir='ltr'>instat,</span> 
     </span>
     <span class='ocr_line' id='line_1_34' title="bbox 200 2097 979 2152; baseline 0 -14"><span class='ocrx_word' id='word_1_220' title='bbox 200 2097 404 2139; x_wconf 86' lang='lat' dir='ltr'>Perfruor</span> <span class='ocrx_word' id='word_1_221' title='bbox 434 2098 584 2138; x_wconf 84' lang='lat' dir='ltr'>infelix</span> <span class='ocrx_word' id='word_1_222' title='bbox 614 2097 815 2138; x_wconf 87' lang='lat' dir='ltr'>liberiore</span> <span class='ocrx_word' id='word_1_223' title='bbox 848 2097 979 2152; x_wconf 70' lang='lat' dir='ltr'>malo,</span> 
     </span>
     <span class='ocr_line' id='line_1_35' title="bbox 142 2154 1483 2212; baseline 0.001 -16"><span class='ocrx_word' id='word_1_224' title='bbox 142 2154 240 2196; x_wconf 86' lang='lat' dir='ltr'>Nox</span> <span class='ocrx_word' id='word_1_225' title='bbox 270 2156 345 2197; x_wconf 89' lang='lat' dir='ltr'>ubi</span> <span class='ocrx_word' id='word_1_226' title='bbox 377 2171 443 2197; x_wconf 92' lang='lat' dir='ltr'>me</span> <span class='ocrx_word' id='word_1_227' title='bbox 475 2155 676 2196; x_wconf 87' lang='lat' dir='ltr'>thalamis</span> <span class='ocrx_word' id='word_1_228' title='bbox 708 2155 945 2196; x_wconf 87' lang='lat' dir='ltr'>ululantem</span> <span class='ocrx_word' id='word_1_229' title='bbox 977 2158 1019 2196; x_wconf 91' lang='lat' dir='ltr'>et</span> <span class='ocrx_word' id='word_1_230' title='bbox 1051 2156 1204 2197; x_wconf 87' lang='lat' dir='ltr'>acerba</span> <span class='ocrx_word' id='word_1_231' title='bbox 1242 2159 1483 2212; x_wconf 83' lang='lat' dir='ltr'>gementem</span> 
     </span>
     <span class='ocr_line' id='line_1_36' title="bbox 201 2212 1143 2268; baseline 0 -14"><span class='ocrx_word' id='word_1_232' title='bbox 201 2212 402 2254; x_wconf 83' lang='lat' dir='ltr'>Condidit</span> <span class='ocrx_word' id='word_1_233' title='bbox 431 2214 478 2254; x_wconf 87' lang='lat' dir='ltr'>in</span> <span class='ocrx_word' id='word_1_234' title='bbox 509 2216 672 2254; x_wconf 88' lang='lat' dir='ltr'>maesto</span> <span class='ocrx_word' id='word_1_235' title='bbox 704 2213 997 2268; x_wconf 87' lang='lat' dir='ltr'>procubuique</span> <span class='ocrx_word' id='word_1_236' title='bbox 1029 2216 1143 2268; x_wconf 85' lang='lat' dir='ltr'>toro,</span> 
     </span>
     <span class='ocr_line' id='line_1_37' title="bbox 142 2270 1257 2327; baseline 0.001 -15"><span class='ocrx_word' id='word_1_237' title='bbox 142 2270 225 2312; x_wconf 92' lang='lat' dir='ltr'>Pro</span> <span class='ocrx_word' id='word_1_238' title='bbox 259 2286 407 2313; x_wconf 90' lang='lat' dir='ltr'>somno</span> <span class='ocrx_word' id='word_1_239' title='bbox 439 2272 626 2313; x_wconf 87' lang='lat' dir='ltr'>lacrimis</span> <span class='ocrx_word' id='word_1_240' title='bbox 661 2272 772 2313; x_wconf 91' lang='lat' dir='ltr'>oculi</span> <span class='ocrx_word' id='word_1_241' title='bbox 803 2271 1042 2327; x_wconf 83' lang='lat' dir='ltr'>funguntur</span> <span class='ocrx_word' id='word_1_242' title='bbox 1075 2272 1257 2327; x_wconf 88' lang='lat' dir='ltr'>obortis,</span> 
     </span>
     <span class='ocr_line' id='line_1_38' title="bbox 76 2329 1192 2385; baseline 0.007 -21"><span class='ocrx_word' id='word_1_243' title='bbox 76 2340 125 2365; x_wconf 87' lang='lat'>110</span> <span class='ocrx_word' id='word_1_244' title='bbox 200 2329 373 2384; x_wconf 85' lang='lat' dir='ltr'>Quaque</span> <span class='ocrx_word' id='word_1_245' title='bbox 404 2330 524 2384; x_wconf 87' lang='lat' dir='ltr'>licet,</span> <span class='ocrx_word' id='word_1_246' title='bbox 554 2329 674 2385; x_wconf 84' lang='lat' dir='ltr'>fugio</span> <span class='ocrx_word' id='word_1_247' title='bbox 707 2330 818 2371; x_wconf 89' lang='lat' dir='ltr'>sicut</span> <span class='ocrx_word' id='word_1_248' title='bbox 849 2330 902 2370; x_wconf 86' lang='lat' dir='ltr'>ab</span> <span class='ocrx_word' id='word_1_249' title='bbox 934 2330 1057 2372; x_wconf 90' lang='lat' dir='ltr'>hoste</span> <span class='ocrx_word' id='word_1_250' title='bbox 1088 2331 1192 2373; x_wconf 88' lang='lat' dir='ltr'>viro.</span> 
     </span>
    </p>
   </div>
   <div class='ocr_carea' id='block_1_3' title="bbox 0 2603 674 2662">
    <p class='ocr_par' dir='ltr' id='par_1_5' title="bbox 0 2603 674 2662">
     <span class='ocr_line' id='line_1_39' title="bbox 0 2603 674 2662; baseline 0 0"><span class='ocrx_word' id='word_1_251' title='bbox 0 2603 674 2662; x_wconf 16' lang='lat' dir='ltr'>L*</span> 
     </span>
    </p>
   </div>
  </div>
 </body>
</html>
