1674 2662
418 178 494 213 XX.
522 178 648 225 [XXI]
674 178 909 214 CYDIPPE
934 189 1079 215 42—115.
1328 179 1410 220 169

82 272 218 321 Quam
249 287 372 327 saepe
404 277 451 314 ut
483 274 616 314 tardis
650 273 729 314 feci
762 274 951 315 convicia
981 274 1108 315 remis

27 341 62 367 80
140 330 380 385 Questaque
414 333 507 372 sum
538 334 664 372 vento
696 332 826 372 lintea
856 346 984 385 parca
1015 332 1121 372 dari!

80 388 138 429 Et
174 388 260 429 iam
297 389 549 430 transieram
580 389 810 443 Myconon,
846 389 932 430 iam
962 389 1109 430 Tenon
1145 393 1188 430 et
1218 390 1411 442 Andron,

138 445 270 500 Inque
302 447 408 487 meis
441 447 574 488 oculis
608 447 784 488 candida
814 447 944 488 Delos
977 451 1084 502 erat3

81 502 215 552 Quam
246 505 394 558 procul
426 508 472 545 ut
504 505 608 558 vidi,
640 505 755 558 ‘quid
786 520 852 545 me
883 505 1016 559 fugis,
1046 504 1214 558 insula',
1245 504 1352 558 dixi,

138 561 328 603 ‘Laberis
360 563 405 602 in
436 576 591 617 magno
623 563 845 616 numquid,
876 566 923 603 ut
956 566 1072 617 ante,
1103 562 1254 603 mari?’

27 629 60 654 85
80 619 326 660 Institeram
357 623 513 673 terrae,
545 635 640 661 cum
671 621 757 661 iam
787 635 918 674 prope
948 621 1041 661 luce
1071 624 1244 674 peracta

138 677 316 718 Demere
347 678 570 732 purpureis
601 677 673 719 Sol
703 679 805 733 iuga
835 678 963 718 vellet
995 678 1132 732 equis3

80 734 195 784 Quos
226 735 338 776 idem
371 736 521 776 solitos
552 740 781 790 postquam
811 736 1026 777 revocavit
1058 736 1110 776 ad
1142 739 1278 789 ortus,

139 791 376 834 Comuntur
405 797 577 835 nostrae
611 798 744 834 matre
775 794 948 834 iubente
980 808 1143 847 comae,

78 850 178 905 Ipsa
209 851 323 891 dedit
356 865 546 906 gemmas
579 852 724 906 digitis
758 855 799 892 et
832 852 1018 892 crinibus
1051 866 1201 892 aurum

28 918 61 943 90
140 909 197 949 Et
228 912 367 950 vestes
400 909 555 949 umeris
581 909 720 949 induit
749 909 844 962 ipsa
875 909 990 949 meis.

78 966 279 1007 Protinus
312 980 505 1020 egressae
538 967 716 1020 superis,
748 966 901 1019 quibus
932 966 1072 1007 insula
1104 969 1282 1019 sacrast,

136 1024 268 1064 Flava
300 1024 496 1065 salutatis
528 1028 625 1064 tura
656 1038 904 1077 merumque
937 1025 1103 1077 damus,

77 1082 274 1135 Dumque
305 1096 457 1135 parens
490 1096 583 1122 aras
617 1082 760 1122 votivo
793 1082 998 1136 sanguine
1029 1081 1160 1136 tingit

136 1139 347 1192 Festaque
378 1139 556 1180 fumosis
587 1139 746 1195 ingerit
777 1143 874 1180 exta
904 1139 1030 1193 focis,

26 1207 59 1231 2³5
80 1196 234 1239 Sedula
264 1212 330 1237 me
361 1197 505 1237 nutrix
537 1197 640 1238 alias
668 1212 834 1251 quoque
861 1197 978 1238 ducit
1008 1197 1054 1237 in
1085 1197 1227 1250 aedes,

136 1255 423 1308 Erramusque
455 1268 563 1309 vago
595 1269 670 1308 per
700 1255 794 1296 loca
826 1269 945 1295 sacra
976 1255 1099 1308 pede,

79 1313 135 1354 Et
167 1313 292 1353 modo
324 1312 562 1366 porticibus
595 1312 757 1366 spatior
788 1313 913 1352 modo
945 1326 1120 1353 munera
1150 1326 1299 1366 regum

136 1370 270 1410 Miror
301 1374 343 1410 et
373 1370 419 1410 in
450 1370 613 1411 cunctis
647 1370 805 1410 stantia
838 1370 960 1424 signa
989 1370 1113 1423 locis,

78 1428 211 1469 Miror
243 1431 285 1468 et
315 1428 548 1468 innumeris
581 1431 788 1468 structam
820 1428 869 1467 de
902 1427 1101 1468 cornibus
1134 1441 1251 1467 aram

10 1496 60 1521 100
136 1486 195 1526 Et
227 1486 275 1526 de
308 1500 391 1538 qua
421 1485 590 1540 pariens
623 1486 772 1526 arbore
803 1485 903 1525 nixa
935 1485 1072 1538 deast,

78 1543 135 1584 Et
169 1557 274 1597 quae
306 1546 525 1597 praeterea
557 1544 711 1596 (neque
743 1543 855 1584 enim
887 1542 1111 1583 meminive
1142 1541 1318 1596 libetve,

137 1600 350 1654 Quidquid
380 1601 442 1642 ibi
473 1601 576 1654 vidi,
608 1600 763 1654 dicere)
796 1601 928 1641 Delos
958 1600 1101 1641 habet.

77 1658 278 1700 Forsitan
307 1659 411 1699 haec
444 1662 638 1712 spectans
672 1674 695 1699 a
726 1662 769 1699 te
802 1658 1042 1712 spectabar,
1073 1657 1248 1711 Aconti,

137 1716 323 1769 Visaque
357 1716 608 1770 simplicitas
641 1720 706 1757 est
737 1731 830 1757 mea
861 1730 986 1769 posse
1018 1715 1122 1769 capi.

11 1784 60 1809 105
80 1774 129 1814 In
160 1774 366 1826 templum
396 1774 521 1814 redeo
553 1774 754 1828 gradibus
787 1774 966 1814 sublime
998 1773 1178 1813 Dianae:

137 1831 304 1881 (Tutior
334 1832 414 1872 hoc
447 1831 589 1885 ecquis
622 1832 768 1872 debuit
799 1846 889 1872 esse
920 1830 1086 1884 locus?)

78 1888 268 1930 Mittitur
300 1893 395 1930 ante
426 1889 553 1942 pedes
584 1889 744 1930 malurn
777 1904 872 1930 cum
905 1888 1088 1929 carmine
1120 1888 1198 1928 tali
1232 1911 1281 1916 —

137 1947 191 1987 Ei
223 1947 343 1987 mihi!
375 1947 512 1987 iuravi
542 1960 653 1987 nunc
686 1961 853 2001 quoque
883 1960 1016 2000 paene
1047 1945 1143 1986 tibi!

81 2003 264 2045 Sustulit
294 2004 376 2046 hoc
406 2004 552 2045 nutrix
581 2004 818 2058 mirataque
851 2003 1049 2058 ‘perlege’
1082 2003 1205 2044 dixit:

11 2072 61 2097 110
138 2062 320 2103 Insidias
351 2063 456 2117 legi,
486 2076 639 2116 magne
670 2065 816 2116 poeta,
847 2065 954 2102 tuas.

81 2119 263 2160 Nomine
295 2119 484 2174 coniugii
515 2120 628 2160 dicto
661 2119 837 2160 confusa
864 2119 1025 2184 pudore

139 2176 260 2218 Sensi
292 2192 358 2218 me
390 2178 494 2218 totis
526 2177 744 2218 erubuisse
778 2177 896 2232 genis

79 2234 341 2289 Luminaque
372 2235 418 2275 in
449 2235 610 2289 gremio
641 2235 773 2276 veluti
804 2235 939 2275 defixa
969 2235 1183 2288 tenebam,

136 2292 320 2333 Lumina
348 2293 559 2347 propositi
589 2292 703 2334 facta
733 2293 928 2333 ministra
959 2292 1033 2333 tui.

11 2360 60 2385 115
78 2349 281 2405 Inprobe,
313 2350 414 2404 quid
446 2350 622 2405 gaudes,
653 2354 727 2391 aut
758 2365 864 2405 quae
895 2350 976 2391 tibi
1007 2350 1143 2405 gloria
1173 2353 1353 2404 partast,
