1674 2662
154 612 210 664 P.
258 610 450 666 OVIDI
494 566 783 666 NASONIS
827 610 960 665 ARS
1004 611 1370 666 AMATORIA.

526 735 716 781 LIBER
752 735 997 782 PRIMUS.

96 837 238 891 Siquis
271 837 315 877 111
346 837 427 878 1100
460 840 594 878 artem
625 837 784 891 populo
816 851 903 877 non
934 837 1055 878 novit
1087 838 1272 893 amandi,

153 895 247 937 Hoc
277 895 395 950 legat
426 898 468 935 et
499 895 610 936 lecto
644 895 828 936 carmine
861 895 1011 936 doctus
1044 898 1174 936 amet!

94 954 199 994 Arte
232 954 341 994 citae
372 953 549 1005 veloque
581 956 693 993 rates
726 967 926 1006 remoque
958 956 1202 1009 moventur,

153 1011 258 1052 Arte
289 1011 402 1051 leves
436 1025 601 1051 currus:
633 1013 723 1051 arte
755 1011 964 1065 regendus
997 1011 1142 1052 Amor.

59 1080 75 1105 5
96 1068 301 1110 Curribus
334 1068 607 1109 Automedon
636 1069 848 1123 lentisque
881 1072 971 1110 erat
1004 1072 1129 1123 aptus
1161 1069 1359 1123 habenis,

152 1127 313 1181 Tiphys
344 1127 391 1167 in
420 1126 658 1168 Haemonia
688 1141 828 1181 puppe
860 1127 1066 1182 magister
1097 1131 1204 1169 erat:

95 1185 164 1226 Me
196 1185 342 1225 Venus
375 1185 582 1226 artificem
613 1188 758 1226 tenero
791 1185 996 1239 praefecit
1027 1185 1197 1241 Amori3

154 1242 314 1297 Tiphys
348 1245 390 1283 et
420 1242 692 1283 Automedon
723 1243 839 1284 dicar
869 1243 1041 1284 Amoris
1070 1258 1161 1298 ego.

96 1301 173 1342 Ille
206 1301 375 1355 quidem
405 1300 520 1341 ferus
553 1303 618 1341 est
650 1304 692 1341 et
724 1300 796 1353 qui
827 1301 932 1341 1111111
964 1316 1088 1355 saepe
1119 1304 1346 1356 repugnet,

45 1370 77 1395 10
156 1358 237 1399 Sed
268 1373 373 1412 puer
405 1362 487 1412 est,
518 1362 634 1399 aetas
667 1358 807 1399 mollis
841 1362 882 1399 et
916 1362 1016 1412 apta
1046 1359 1148 1413 regi.

95 1416 351 1471 Phillyrides
382 1430 560 1470 puerum
593 1416 756 1457 cithara
786 1416 965 1470 perfecit
997 1417 1208 1458 Achillem

155 1475 298 1528 Atque
331 1474 495 1515 animos
526 1474 693 1528 placida
725 1474 919 1515 contudit
951 1478 1040 1515 arte
1073 1475 1202 1516 feros:

97 1532 179 1581 Qui
211 1533 370 1573 totiens
402 1532 560 1586 socios7
590 1532 748 1573 totiens
781 1532 986 1573 exterruit
1018 1532 1182 1587 hostes,

157 1589 354 1632 Creditur
386 1605 593 1631 annosum
623 1590 894 1644 pertimuisse
928 1605 1088 1643 senem3

46 1660 78 1684 15
100 1648 212 1696 Quas
244 1648 405 1690 Hector
437 1663 637 1689 sensurus
669 1651 778 1701 erat,
808 1651 1010 1702 poscente
1041 1648 1250 1703 magistro

156 1706 418 1747 Verberibus
449 1706 587 1747 iussas
618 1706 815 1760 praebuit
846 1706 918 1747 ille
950 1720 1113 1747 manus.

98 1764 308 1805 Aeacidae
341 1763 519 1818 Chiron,
550 1778 630 1819 ego
662 1778 756 1805 sum
787 1767 1038 1818 praeceptor
1068 1764 1258 1805 Amoris:

159 1820 317 1862 Saevus
348 1825 526 1874 uterque
557 1836 679 1875 puer,
708 1825 835 1862 natus
867 1826 1045 1875 uterque
1078 1822 1165 1863 dea.

101 1878 182 1920 Sed
214 1883 356 1920 tamen
388 1882 430 1920 et
460 1879 572 1919 tauri
604 1880 744 1920 cervix
776 1883 976 1920 oneratur
1008 1883 1170 1933 aratro,

46 1949 80 1974 20
159 1936 378 1991 Frenaque
409 1936 671 1991 magnanimi
703 1938 827 1978 dente
858 1940 1055 1978 teruntur
1087 1937 1202 1990 equi,

99 1995 157 2035 Et
187 1995 292 2035 mihi
324 1995 443 2036 cedet
473 1995 626 2048 Amor,
657 1995 848 2048 quamvis
881 2010 975 2035 mea
1005 1995 1198 2036 vuhieret
1230 2010 1330 2037 arcu

157 2052 337 2093 Pectora
366 2053 549 2093 iactatas
582 2053 852 2106 excutiatque
885 2053 1016 2094 faces:

100 2109 191 2158 Quo
225 2124 291 2150 me
323 2111 417 2151 fixit
447 2110 599 2164 Amor,
632 2124 715 2163 quo
747 2125 813 2151 me
846 2110 1074 2152 violentius
1107 2111 1234 2165 ussit,

158 2167 251 2208 Hoc
283 2168 433 2208 melior
465 2168 568 2209 facti
600 2168 785 2209 vuhieris
819 2168 933 2209 ultor
965 2182 1047 2209 ero.

46 2237 80 2262 25
99 2224 200 2266 Non
231 2239 329 2280 ego,
360 2225 550 2280 Phoebe,
581 2225 702 2267 datas
735 2241 759 2267 a
789 2229 832 2266 te
864 2226 970 2267 1111111
1001 2227 1183 2268 mentiar
1215 2230 1348 2282 artes7

156 2282 246 2324 Nec
278 2297 355 2324 nos
389 2284 526 2324 aeriae
557 2298 658 2325 voce
691 2298 913 2325 monemur
945 2285 1051 2339 avis,

99 2339 188 2382 Nec
220 2341 325 2381 mihi
358 2345 457 2382 sunt
487 2341 602 2382 visae
635 2340 728 2383 Clio
762 2340 962 2396 Cliusque
995 2357 1162 2384 sorores
