1690 2656
275 144 360 185 248
693 144 949 179 REMEDIA
973 144 1193 179 AMORIS.

273 239 338 280 Tu
371 240 461 281 cole
494 242 729 293 maternas,
760 242 855 279 tuto
889 239 1043 292 quibus
1077 239 1256 295 utimur,
1289 243 1420 297 artes,

220 308 255 334 30
333 298 391 339 Et
424 313 603 352 quarum
634 297 740 338 vitio
772 297 890 338 nulla
921 298 970 338 fit
1004 298 1108 338 orba
1138 300 1309 352 parens!

273 356 428 410 Effice,
458 359 669 397 nocturna
700 355 925 410 frangatur
956 355 1084 396 ianua
1115 356 1224 411 rixa,

332 415 390 455 Et
421 417 541 469 tegat
574 416 746 454 ornatas
779 414 916 454 multa
949 428 1105 455 corona
1136 414 1268 470 foi-es,

272 473 377 525 Fac,
410 475 560 513 coeant
591 471 741 513 furtim
772 472 944 513 iuvenes
978 472 1235 526 timidaeque
1266 474 1432 527 puellae

332 530 558 584 Verbaque
592 531 692 571 dent
724 534 849 571 cauto
883 530 1072 583 qualibet
1105 534 1194 571 arte
1226 531 1337 586 viro,

220 600 254 625 35
274 589 333 630 Et
365 589 491 629 modo
524 588 773 643 blanditias,
803 588 942 643 rigido
975 589 1100 629 modo
1132 589 1273 644 iurgia
1302 590 1418 644 posti

332 647 461 688 Dicat
494 650 536 688 et
568 647 763 688 exclusus
796 647 936 688 flebile
969 650 1112 688 cantet
1145 649 1308 688 amans!

272 705 353 746 His
385 705 573 746 lacrimis
606 708 832 746 contentus
866 705 948 746 eris
982 705 1071 746 sine
1104 705 1280 746 crimine
1312 706 1482 747 mortis:

332 763 433 804 Non
464 766 539 804 tua
570 763 641 804 fax
672 763 818 804 avidos
852 763 980 818 digna
1012 763 1154 804 subire
1190 763 1345 819 rogos.9

273 821 392 863 Haec
424 836 522 877 ego,
554 822 707 863 movitx
721 822 856 862 Amor
889 825 1125 876 gemmatas
1159 837 1309 863 aureus
1343 822 1430 863 alas

219 892 253 916 40
331 880 390 921 Et
422 880 528 921 mihi
560 879 845 934 epropositum
876 879 1046 934 perfice'
1079 880 1185 922 dixit
1219 880 1373 935 ‘opusl’

272 938 341 979 Ad
372 953 485 993 mea,
516 939 682 993 decepti
713 939 905 993 iuvenes,
935 942 1162 993 praecepta
1193 939 1352 994 venite,

333 996 448 1045 Quos
481 1012 582 1038 suus
615 1011 666 1038 ex
699 997 813 1037 omni
844 1000 965 1051 parte
998 997 1150 1038 fefellit
1183 1012 1319 1052 amor3

272 1055 438 1096 Discite
471 1055 630 1110 sanari,
662 1070 737 1109 per
769 1069 894 1108 quem
927 1055 1135 1096 didicistis
1169 1070 1328 1096 amare:

332 1112 429 1154 Una
460 1128 611 1154 manus
644 1113 766 1154 vobis
798 1114 952 1154 vulnus
987 1127 1194 1167 opemque
1226 1114 1345 1154 feret.

218 1182 253 1207 45
273 1171 404 1213 Terra
436 1172 644 1212 salutares
675 1171 830 1212 herbas
862 1172 1090 1225 eademque
1121 1175 1324 1213 nocentes

331 1230 499 1282 Nutrit,
531 1233 573 1271 et
604 1230 767 1271 urticae
798 1230 994 1284 proxima
1026 1244 1150 1284 saepe
1182 1233 1333 1271 rosast.

272 1288 441 1329 Vulnus
472 1288 518 1328 in
548 1288 760 1329 Herculeo
793 1302 899 1341 quae
933 1288 1146 1342 quondam
1176 1288 1336 1330 fecerat
1366 1289 1502 1343 hoste,

330 1346 531 1387 Vulneris
566 1346 771 1387 auxilium
802 1346 940 1387 Pelias
973 1346 1098 1388 hasta
1129 1347 1241 1388 tulit.

274 1403 355 1446 Sed
388 1419 693 1459 quaecumque!
709 1404 830 1459 viris,
861 1405 983 1445 vobis
1016 1419 1183 1459 quoque
1216 1405 1346 1460 dicta,
1377 1406 1561 1461 puellae,

217 1474 253 1499 50
332 1462 516 1504 Credite!
551 1463 726 1504 diversis
758 1463 954 1517 partibus
987 1478 1105 1504 arma
1136 1464 1303 1518 damus,

270 1522 307 1562 E
342 1522 497 1575 quibus
530 1522 582 1562 ad
613 1525 777 1562 vestros
811 1521 951 1575 siquid
982 1536 1069 1562 non
1099 1522 1285 1575 pertinet
1316 1537 1436 1577 usus,

330 1580 535 1621 Attamen
567 1580 760 1634 exemplo
792 1580 929 1620 multa
960 1580 1108 1620 docere
1140 1583 1294 1634 potest.

270 1637 388 1679 Utile
420 1638 733 1692 propositumst
766 1653 912 1679 saevas
945 1638 1192 1692 extinguere
1223 1638 1417 1680 flammas

330 1695 420 1745 Nec
453 1711 621 1737 servum
653 1696 747 1737 vitii
778 1699 927 1750 pectus
959 1696 1115 1736 habere
1148 1697 1230 1737 sui:

215 1765 250 1790 55
270 1753 462 1795 Vixisset
494 1754 676 1808 Phyllis,
708 1754 744 1794 si
775 1769 842 1795 me
873 1754 984 1795 foret
1016 1769 1093 1795 usa
1125 1755 1352 1810 magistro,

329 1812 386 1854 Et
417 1827 492 1867 per
525 1813 637 1866 quod
667 1812 862 1867 noviens,
898 1812 1065 1866 saepius
1096 1813 1201 1854 isset
1232 1813 1331 1868 iter,

270 1869 360 1912 Nec
392 1871 577 1911 moriens
610 1870 721 1911 Dido
755 1886 921 1912 summa
951 1871 1127 1912 vidisset
1160 1872 1212 1912 ab
1246 1886 1340 1913 arce

328 1929 567 1970 Dardanias
600 1932 727 1970 vento
759 1929 853 1970 vela
885 1929 1048 1970 dedisse
1080 1932 1212 1983 rates,

269 1986 359 2028 Nec
392 1987 513 2028 dolor
545 1990 752 2028 armasset
784 1990 933 2028 contra
965 2002 1040 2028 sua
1071 1988 1234 2029 viscera
1265 1990 1464 2042 matrem,

216 2055 251 2080 60
330 2044 445 2092 Quae
479 2046 583 2086 socii
615 2046 769 2086 damno
803 2045 1023 2100 sanguinis
1056 2046 1146 2086 ulta
1178 2046 1377 2100 virumst3

269 2102 375 2143 Arte
408 2118 501 2144 mea
533 2103 709 2158 Tereus,
742 2104 933 2158 quamvis
965 2104 1204 2145 Philomela
1234 2104 1440 2159 placeret,

328 2160 410 2201 Per
441 2161 606 2202 facinus
639 2162 730 2202 fieri
761 2176 849 2202 non
879 2163 1106 2203 meruisset
1139 2162 1238 2203 avis.

268 2218 336 2259 Da
367 2219 473 2259 mihi
504 2219 761 2273 Pasiphaen:
792 2220 878 2261 iam
910 2220 1022 2261 tauri
1053 2223 1184 2274 ponet
1217 2235 1421 2275 amorem3

327 2277 394 2317 Da
424 2276 679 2318 Phaedram:
711 2278 928 2320 Phaedrae
960 2279 1098 2332 turpis
1132 2279 1268 2319 abibit
1300 2293 1436 2332 amor;

214 2346 248 2371 65
267 2334 411 2376 Redde
443 2334 587 2376 Parim
618 2336 760 2377 nobis:
792 2337 983 2378 Helenen
1014 2336 1231 2378 Menelaus
1263 2337 1457 2391 habebit,
