1674 2662
571 142 631 185 HI,
657 155 732 185 vm,
757 153 791 177 46
806 153 953 185 —v1111,
979 151 1023 176 52.
1408 140 1459 181 61

186 237 322 286 Quam
353 237 494 279 iuveni
525 237 641 291 rupit
674 251 770 278 cum
800 236 915 277 ferus
947 236 1106 290 inguen
1140 250 1250 290 aper.

126 296 186 337 At
218 296 328 337 sacri
358 299 477 336 vates
510 298 551 336 et
584 295 728 336 divum
760 309 861 335 cura
891 308 1108 349 vocamur3

187 352 296 394 Sunt
329 354 477 408 etiam,
508 353 580 406 qui
611 367 689 393 nos
721 367 879 393 numen
908 352 1064 393 habere
1095 354 1259 406 putent.

130 411 301 453 Scilicet
334 426 456 452 omne
490 426 657 452 sacrum
689 425 803 451 mors
835 411 1065 464 inportuna
1095 409 1312 464 profanat,

75 482 108 506 20
187 469 395 510 Omnibus
429 470 630 510 obscuras
662 469 784 510 inicit
815 469 889 509 illa
921 469 1086 509 manus!

129 527 238 576 Quid
267 531 390 582 pater
421 527 621 581 Ismario,
656 527 756 580 quid
788 530 924 567 mater
954 526 1117 580 profuit
1149 524 1347 579 Orpheo?

187 586 384 628 Carmine
418 586 518 639 quid
549 585 683 626 victas
717 585 974 638 obstipuisse
1005 583 1146 625 feras?

128 644 185 685 Et
216 643 357 684 Linon
386 644 433 684 in
465 643 583 684 silvis
614 644 726 684 idem
758 646 879 697 pater
911 641 1126 683 ‘aelinonl'
1161 641 1259 682 altis

186 702 356 743 Dicitur
385 702 521 742 invita
553 701 817 742 concinuisse
848 701 958 753 lyra3

76 771 109 796 25
128 760 259 801 Adice
291 760 561 814 Maeoniden,
593 775 616 800 a
648 773 732 812 quo
765 773 841 799 ceu
873 758 990 799 fonte
1022 757 1196 812 perenni

187 817 349 858 Vatum
379 817 531 858 Pieriis
565 832 638 858 ora
669 817 865 871 rigantur
897 816 1036 869 aquis·

127 876 253 917 Hunc
286 890 453 929 quoque
486 890 652 915 summa
683 875 771 915 dies
802 874 927 928 nigio
961 872 1190 914 submersit
1219 872 1401 913 Averno.

187 933 425 988 Defugiunt
457 932 602 973 avidos
635 932 823 973 carmina
855 931 947 972 sola
977 945 1123 985 r:ogos

128 992 285 1045 Durat,
317 1005 423 1045 opus
456 993 615 1044 vatum,
646 989 819 1030 Troiani
850 989 964 1029 fama
993 989 1154 1029 laboris

76 1061 110 1086 30
187 1049 408 1103 Tardaque
437 1051 648 1090 nocturno
679 1048 766 1088 tela
797 1049 963 1088 retexta
994 1046 1102 1087 dolo.

131 1107 200 1149 Sic
230 1106 427 1148 Nemesis
458 1107 655 1161 longum,
687 1106 746 1147 sic
778 1105 902 1146 Delia
933 1119 1089 1145 nomen
1118 1104 1356 1157 habebunt,

189 1165 338 1206 Altera
369 1180 469 1206 cura
499 1179 664 1218 recens⁷
696 1164 829 1204 altera
860 1163 1023 1217 primus
1056 1176 1186 1203 amor.

131 1223 241 1272 Quid
271 1237 346 1264 vos
379 1237 499 1264 sacra
529 1222 705 1263 iuvant?
739 1222 840 1276 quid
870 1235 982 1262 nunc
1012 1220 1229 1275 Aegyptia
1258 1224 1438 1274 prosunt

192 1280 356 1322 Sistra‘?
389 1281 490 1334 quid
519 1281 565 1320 in
595 1294 728 1321 vacuo
762 1280 1006 1320 secubuisse
1037 1279 1163 1319 toro?

79 1351 112 1376 35
132 1338 240 1381 Cum
270 1339 444 1393 rapiunt
475 1339 587 1379 mala
618 1338 709 1379 fata
738 1338 893 1391 bonos,
925 1337 1153 1392 (ignoscite
1184 1335 1338 1392 fassol)

191 1396 409 1439 Sollicitor
439 1397 580 1437 nullos
613 1411 703 1437 esse
734 1399 885 1450 putare
917 1395 1029 1436 deos.

131 1455 238 1496 Vive
269 1455 382 1509 pius:
415 1455 613 1509 moriere3
644 1455 740 1508 pius
774 1455 864 1495 cole
896 1468 1031 1495 sacra:
1067 1453 1275 1494 colentem

190 1513 308 1554 Mors
342 1513 482 1568 gravis
515 1528 540 1554 a
570 1513 742 1566 templis
773 1512 820 1552 in
851 1527 953 1553 cava
983 1512 1111 1552 busta
1141 1510 1301 1565 trahet3

133 1570 404 1612 Carminibus
437 1571 599 1612 confide
631 1571 774 1611 bonis:
806 1570 935 1625 iacet⁷
966 1584 1080 1623 ecce,
1110 1568 1322 1623 Tibullus3

78 1641 113 1667 40
190 1629 276 1670 Vix
306 1632 450 1671 manet
482 1644 504 1670 e
535 1632 647 1683 toto,
678 1643 809 1682 parva
841 1629 953 1683 quod
983 1642 1091 1668 urna
1122 1627 1246 1681 capit.

132 1687 263 1741 Tene,
294 1702 412 1728 sacer
441 1690 579 1741 vates,
609 1687 805 1728 flammae
836 1700 1013 1741 rapuere
1044 1685 1212 1740 rogales

191 1744 444 1786 Pectoribus
475 1745 593 1799 pasci
623 1760 701 1786 nec
732 1745 912 1786 timuere
943 1743 1058 1785 tuis‘?

133 1803 277 1844 Aurea
308 1806 555 1844 sanctorum
584 1803 826 1856 potuissent
856 1802 1018 1856 templa
1049 1802 1223 1842 deorum

192 1859 344 1915 Urere,
376 1875 482 1915 quae
514 1864 684 1901 tantum
716 1860 954 1901 sustinuere
985 1859 1116 1900 nefas.

82 1931 115 1956 45
136 1919 306 1960 Avertit
337 1919 498 1972 vultus,
528 1918 680 1972 Erycis
714 1932 820 1971 quae
851 1918 1041 1972 possidet
1073 1931 1206 1958 arces:

195 1976 304 2018 Sunt
336 1991 521 2030 quoque,
553 1976 626 2030 qui
655 1976 852 2017 lacrimas
885 1975 1145 2017 continuisse
1176 1978 1347 2030 negant.

137 2034 219 2076 Sed
249 2038 394 2076 tamen
423 2035 505 2076 hoc
538 2034 707 2087 melius,
740 2048 867 2087 quam
899 2034 934 2074 si
966 2032 1176 2075 Phaeacia
1205 2033 1334 2074 tellus

193 2092 397 2148 Ignotum
428 2093 502 2133 vili
534 2091 829 2146 supposuisset
859 2091 1008 2132 humo:

136 2150 249 2192 Hinc
281 2154 392 2192 certe
424 2150 616 2191 madidos
647 2149 853 2205 fugientis
884 2149 1041 2204 pressit
1073 2150 1228 2192 ocellos

84 2220 118 2245 50
195 2208 334 2250 Mater
365 2211 408 2249 et
437 2209 484 2249 in
515 2208 675 2249 cineres
707 2208 860 2248 ultima
891 2208 1002 2249 dona
1031 2209 1149 2262 tulit3

136 2266 247 2308 Hinc
281 2281 402 2307 soror
433 2267 478 2307 in
506 2269 674 2320 partem
705 2266 861 2307 misera
892 2281 987 2307 cum
1018 2269 1154 2308 matre
1187 2267 1345 2308 doloris

194 2324 326 2365 Venit
355 2325 576 2366 inornatas
609 2324 813 2366 dilaniata
845 2338 1006 2379 comas,
