1690 2656
199 138 255 180 60
750 139 991 173 AMORUM

257 234 316 274 Et
346 234 527 275 nimium
560 234 724 275 damnis
756 234 981 289 ingeniosa
1013 234 1117 275 tuis:

199 291 291 340 Quo
324 292 423 346 tibi,
454 292 621 333 turritis
653 292 870 347 incingere
903 292 1127 333 moenibus
1159 293 1315 334 urbes?

259 349 350 398 Quo
383 350 484 404 tibi,
515 351 729 391 discordes
763 351 913 391 addere
943 350 990 391 in
1022 365 1140 391 arma
1171 352 1351 392 manus?

200 407 310 456 Quid
342 408 421 449 tibi
454 422 550 449 cum
581 408 765 462 pelago?
797 411 911 449 terra
943 411 1145 450 contenta
1176 409 1346 450 fuisses!

146 479 179 504 50
259 464 345 506 Cur
375 480 463 507 non
494 469 536 506 et
568 466 749 520 caelum,
780 466 909 507 tertia
940 481 1090 522 regna,
1120 467 1261 521 petis?

202 523 312 575 [Qua
343 524 462 578 licet,
494 524 682 565 adfectas
715 525 878 565 caelum
912 539 1095 579 quoque:
1129 525 1290 579 templa
1322 525 1543 579 Quirinus,

257 582 388 622 Liber
420 585 462 623 et
491 582 664 623 Alcides
697 586 740 623 et
771 583 897 624 modo
931 581 1087 625 Caesar
1118 583 1308 635 habent]

199 640 402 681 Eruimus
434 643 550 681 terra
581 640 765 681 solidum
796 655 873 695 pro
905 641 1102 696 frugibus
1136 657 1303 697 aurum3

257 698 456 739 Possidet
487 698 683 740 inventas
716 699 923 754 sanguine
956 700 1078 740 miles
1112 714 1231 755 opes,

147 769 180 794 55
201 754 330 797 Curia
360 757 621 811 pauperibus
655 757 859 812 clausast3
892 758 965 799 dat
997 773 1147 799 census
1179 758 1381 799 honores:

259 815 361 855 Inde
396 815 537 870 gravis
568 815 713 870 iudex,
743 816 841 857 inde
874 831 1044 857 severus
1078 831 1217 870 eques.

201 872 354 914 Omnia
384 874 650 928 possideant3
679 874 766 915 illis
799 873 1070 928 Campusque
1101 875 1326 928 forumque

261 930 445 986 Serviat,
475 932 520 972 hi
552 947 701 986 pacem
733 933 945 986 crudaque
976 933 1090 973 bella
1123 937 1290 987 gerant:

200 989 386 1030 Tantum
416 1004 469 1030 ne
500 993 671 1031 nostros
705 991 824 1031 avide
855 991 1065 1032 liceantur
1097 992 1278 1032 amores!

149 1061 182 1085 60
260 1048 318 1089 Et
350 1048 469 1099 (satis
502 1051 582 1098 est)
616 1049 777 1102 aliquid
807 1049 1006 1103 pauperis
1040 1064 1130 1090 esse
1164 1049 1322 1089 sinant!

201 1106 262 1147 At
292 1120 424 1161 nunc,
456 1110 662 1160 exaequet
693 1107 867 1148 tetricas
899 1107 1000 1148 licet
1029 1107 1105 1148 illa
1138 1106 1337 1161 Sabinas,

263 1164 452 1218 Imperat
484 1168 532 1205 ut
564 1168 732 1219 captae,
764 1166 836 1219 qui
869 1166 967 1206 dare
1000 1166 1136 1206 multa
1166 1168 1327 1220 potest3

203 1222 272 1264 Me
303 1223 504 1277 prohibet
537 1227 701 1278 custos,
729 1224 776 1264 in
807 1238 874 1264 me
906 1224 1031 1264 timet
1060 1224 1135 1264 illa
1167 1224 1385 1265 maritum:

264 1280 309 1322 Si
341 1281 546 1335 dederim,
577 1284 672 1322 tota
703 1282 824 1322 cedet
854 1285 1033 1335 uterque
1066 1283 1203 1322 domo.

150 1353 182 1378 2³5
204 1339 237 1380 O
271 1339 307 1380 si
338 1339 518 1380 neclecti
550 1340 776 1393 quisquam
809 1340 910 1381 deus
943 1340 1059 1381 ultor
1091 1340 1274 1381 amantis

261 1397 368 1438 Tam
399 1398 510 1438 male
543 1398 758 1451 quaesitas
790 1398 964 1452 pulvere
996 1401 1134 1439 mutet
1167 1399 1284 1452 opes!

62 1520 172 1554 VEH.
204 1513 434 1554 Memnona
466 1514 502 1555 si
534 1517 688 1568 mater,
719 1517 857 1555 mater
887 1515 1073 1568 ploravit
1102 1514 1334 1569 Achillem,

261 1572 321 1613 Et
351 1575 537 1627 tangunt
569 1586 748 1627 magnas
780 1573 923 1613 tristia
953 1573 1044 1613 fata
1076 1573 1193 1627 deas,

203 1629 381 1671 Flebilis
412 1630 632 1685 indignos,
663 1631 859 1686 Elegeia,
891 1631 1005 1671 solve
1040 1631 1232 1684 capillos!

262 1688 318 1729 A!
350 1689 478 1729 nimis
510 1703 561 1729 ex
590 1703 689 1730 vero
720 1704 833 1730 nunc
865 1689 946 1729 tibi
976 1703 1133 1730 nomen
1165 1689 1262 1729 erit:

169 1759 184 1785 5
203 1746 280 1787 Ille
307 1747 372 1787 tui
403 1750 522 1787 vates
556 1747 715 1801 operis,
746 1751 821 1787 tua
852 1747 985 1801 fama,
1015 1747 1210 1788 Tibullus

263 1804 397 1845 Ardet
427 1805 474 1845 in
505 1808 719 1859 extructo,
751 1820 904 1859 corpus
936 1806 1080 1859 inane,
1112 1819 1229 1860 rogo.

204 1863 334 1917 Ecce,
364 1878 469 1917 puer
499 1863 679 1904 Veneris
711 1864 795 1904 fert
828 1878 1101 1917 eversamque
1133 1864 1380 1918 pharetram

264 1921 322 1962 Et
353 1921 513 1963 fractos
547 1937 669 1963 arcus
702 1925 744 1963 et
777 1922 865 1963 sine
897 1922 990 1963 luce
1023 1922 1177 1974 facem,

204 1979 407 2033 Adspice,
439 1981 634 2021 demissis
666 1983 714 2021 ut
747 1983 815 2021 eat
847 1980 1103 2021 miserabilis
1137 1980 1214 2020 alis

152 2050 186 2075 10
264 2037 528 2091 Pectoraque
559 2039 717 2079 infesta
748 2039 902 2079 timdat
933 2042 1080 2093 aperta
1111 2053 1257 2091 manu3

205 2095 438 2149 Excipiunt
468 2096 665 2137 lacrimas
699 2097 836 2151 sparsi
867 2112 942 2151 per
974 2097 1084 2138 colla
1116 2096 1277 2151 capilli,

265 2152 432 2207 Oraque
465 2154 657 2208 singultu
688 2155 957 2196 concutiente
990 2157 1160 2196 sonant:

205 2211 370 2253 Fratris
402 2211 447 2251 in
478 2211 646 2253 Aeneae
679 2213 739 2254 sic
770 2214 893 2254 illum
923 2214 1070 2254 funere
1103 2213 1249 2254 dicunt

265 2270 500 2325 Egressum
531 2270 675 2324 tectis,
706 2271 881 2324 pulcher
912 2271 1022 2325 Iule,
1053 2271 1158 2325 tuis,

154 2339 185 2365 15
205 2327 296 2369 Nec
327 2327 468 2368 minus
501 2331 566 2368 est
597 2328 773 2369 confusa
805 2329 950 2370 Venus
982 2329 1189 2370 moriente
1221 2327 1409 2381 Tibullo,
