1674 2662
580 184 606 227 Ι,
633 196 708 227 1111,
734 194 896 227 47—xv‚
924 195 966 219 14.
1392 185 1443 224 21

54 290 87 316 35
107 277 218 327 Quid
249 278 358 319 male
391 278 623 332 dispositos
657 278 844 333 quereris
876 278 1052 333 periisse
1086 279 1291 333 capillos?

166 336 276 385 Quid
309 336 527 391 speculum
559 341 721 378 maesta
752 337 894 391 ponis,
924 336 1088 391 inepta,
1119 337 1276 378 manu?

106 393 206 435 Non
237 395 344 436 bene
376 395 589 436 consuetis
623 410 648 436 a
678 398 720 436 te
754 395 958 449 spectaris
993 395 1155 436 ocellis:

164 451 224 493 Ut
254 453 442 507 placeas,
474 453 601 494 debes
632 453 843 494 inmemor
874 468 964 494 esse
996 453 1072 494 tui.

105 510 205 552 Non
236 514 278 552 te
311 514 506 553 cantatae
537 511 754 552 laeserimt
784 511 959 566 paelicis
990 511 1166 567 herbae,

50 581 86 606 40
164 568 264 610 Non
296 584 401 610 anus
433 569 672 610 Haemonia
703 570 864 624 perfida
895 570 999 610 lavit
1033 585 1158 625 aqua,

103 626 194 668 Nec
226 627 306 668 tibi
338 627 402 668 vis
434 628 574 668 morbi
604 629 771 682 nocuit,
804 627 971 683 (procul
1003 642 1127 669 omen
1160 629 1345 684 abestol)

162 685 253 727 Nec
285 685 441 727 minuit
473 686 624 727 densas
656 686 800 727 invida
830 687 978 741 lingua
1011 701 1171 728 comas:

103 743 237 785 Facta
267 759 396 785 11161111
429 744 636 799 culpaque
669 748 743 785 tua
775 744 995 799 dispendia
1027 745 1178 801 sentis3

161 801 262 856 Ipsa
294 802 425 843 dabas
459 802 589 857 capiti
621 803 755 844 mixta
788 817 949 844 venena
980 806 1067 844 tuo.

48 873 83 897 45
103 859 227 901 Nunc
260 860 341 901 tibi
374 861 567 915 captivos
599 861 743 902 mittet
777 860 1006 902 Germania
1038 861 1192 902 crines:

163 917 289 959 Culta
319 918 608 973 triumphatae
640 933 814 960 1111111616
847 919 986 974 gentis
1019 920 1112 960 eris.

104 975 138 1017 O
172 991 300 1030 quam
333 990 457 1030 saepe
490 991 632 1018 comas
666 977 809 1031 aliquo
841 977 1023 1018 mirante
1055 977 1248 1032 rubebis,

161 1035 220 1075 Et
251 1034 364 1076 dices
396 1035 556 1089 eempta
585 1050 698 1076 nunc
731 1049 811 1090 ego
843 1050 982 1077 merce
1013 1036 1190 1090 probor,

103 1092 260 1134 Nescio
294 1107 422 1147 quam
452 1107 529 1147 pro
562 1108 629 1134 me
659 1093 807 1134 laudat
837 1108 950 1135 nunc
981 1093 1063 1134 iste
1098 1092 1398 1149 Sygambram:

51 1163 85 1188 ⁵0
163 1151 297 1192 Fama
327 1154 474 1192 tamen
505 1151 679 1192 memini
712 1167 808 1193 cum
840 1151 923 1192 fuit
952 1152 1039 1193 ista
1070 1152 1191 1193 mea.'

104 1209 172 1250 Me
204 1210 424 1251 miserum!
456 1210 655 1251 lacrimas
687 1211 797 1251 male
830 1210 1021 1251 continet
1054 1224 1210 1265 oraque
1244 1211 1391 1252 dextra

161 1267 359 1323 Protegit
388 1268 597 1322 ingenuas
628 1268 745 1322 picta
775 1268 930 1309 rubore
964 1282 1113 1324 genas,

105 1325 298 1367 Sustinet
331 1326 531 1379 antiquos
565 1326 726 1380 gremio
760 1329 1009 1380 spectatque
1042 1326 1238 1382 capillos,

161 1383 215 1425 Ei
247 1383 369 1425 mihi!
401 1398 487 1425 non
518 1384 593 1424 illo
627 1398 803 1425 munera
834 1384 964 1439 digna
993 1385 1101 1426 loco.

48 1455 81 1480 55
102 1441 267 1497 Collige
300 1457 396 1483 cum
428 1442 550 1482 vultu
581 1444 785 1483 mentem!
817 1443 1055 1496 reparabile
1088 1443 1349 1484 damnumst:

158 1500 393 1541 Postmodo
425 1500 573 1541 nativa
605 1501 864 1554 conspiciere
897 1515 1030 1542 coma.

30 1621 73 1656 V.
101 1616 212 1665 Quid
244 1616 368 1671 mihi,
398 1616 530 1657 Livor
562 1617 684 1670 edax,
714 1616 894 1671 ignavos
928 1617 1061 1658 obicis
1095 1631 1249 1673 annos,

158 1675 410 1730 Ingeniique
442 1689 569 1716 vocas
602 1689 772 1716 carmen
802 1675 953 1716 inertis
987 1689 1112 1730 opus,

100 1732 200 1774 Non
230 1748 298 1774 me
328 1747 445 1774 more
476 1736 668 1787 patrum,
699 1733 800 1774 dum
832 1736 1006 1774 strenua
1038 1734 1221 1775 sustinet
1254 1738 1392 1790 aetas,

157 1791 355 1832 Praemia
385 1791 565 1832 militiae
596 1791 892 1845 pulverulenta
924 1792 1044 1845 sequi

63 1861 80 1886 5
99 1848 189 1891 Nee
221 1864 288 1890 me
320 1849 522 1890 verbosas
552 1849 670 1903 leges
703 1849 887 1890 ediscere
919 1864 995 1891 nec
1027 1865 1094 1891 me

157 1907 336 1962 Ingrato
368 1921 516 1948 vocem
546 1907 820 1961 prostituisse
852 1907 977 1948 foro?

99 1965 343 2020 Mortalest,
375 1966 488 2019 quod
520 1965 706 2019 quaeris,
738 1979 862 2019 opus3
894 1965 999 2006 1111111
1030 1966 1145 2007 fama
1175 1967 1373 2021 perennis

160 2023 404 2078 Quaeritur,
433 2024 479 2064 in
510 2026 604 2064 toto
638 2037 804 2076 semper
835 2027 884 2064 ut
917 2024 1018 2064 orbe
1052 2039 1189 2065 canar.

99 2081 228 2123 Vivet
259 2081 524 2135 Maeonides,
554 2081 745 2122 Tenedos
778 2081 878 2122 dum
912 2082 1045 2123 stabit
1077 2085 1119 2123 et
1151 2082 1241 2137 Ide,

48 2151 81 2176 10
157 2139 273 2181 Dum
303 2139 473 2194 rapidas
508 2139 664 2181 Simois
695 2139 741 2180 in
772 2154 887 2180 mare
919 2140 1062 2181 volvet
1094 2155 1243 2195 aquas,

99 2197 228 2239 Vivet
260 2201 302 2239 et
335 2199 564 2251 Ascraeus,
596 2198 696 2238 dum
728 2197 882 2238 mustis
914 2213 998 2240 uva
1027 2199 1229 2253 tumebit,

158 2256 273 2297 Dum
305 2256 426 2297 cadet
456 2256 631 2297 incurva
662 2255 770 2297 falce
802 2256 965 2298 resecta
997 2255 1142 2313 Ceres,

99 2314 320 2355 Battiades
354 2328 520 2368 semper
550 2317 644 2355 toto
678 2314 922 2355 cantabitur
955 2316 1073 2357 orbe:

159 2371 360 2420 Quamvis
391 2372 565 2428 ingenio
596 2386 683 2413 non
713 2372 845 2427 valet,
877 2376 967 2414 arte
998 2374 1130 2430 valet3
