<?xml version="1.0" encoding="UTF-8"?>
<!DOCTYPE html PUBLIC "-//W3C//DTD XHTML 1.0 Transitional//EN"
    "http://www.w3.org/TR/xhtml1/DTD/xhtml1-transitional.dtd">
<html xmlns="http://www.w3.org/1999/xhtml" xml:lang="en" lang="en">
 <head>
  <title>
</title>
<meta http-equiv="Content-Type" content="text/html;charset=utf-8" />
  <meta name='ocr-system' content='tesseract 3.04.00' />
  <meta name='ocr-capabilities' content='ocr_page ocr_carea ocr_par ocr_line ocrx_word'/>
</head>
<body>
  <div class='ocr_page' id='page_1' title='image "./operaovid03oviduoft_0093.png"; bbox 0 0 1674 2662; ppageno 0'>
   <div class='ocr_carea' id='block_1_1' title="bbox 590 148 1466 193">
    <p class='ocr_par' dir='ltr' id='par_1_1' title="bbox 590 148 1466 193">
     <span class='ocr_line' id='line_1_1' title="bbox 590 148 1466 193; baseline 0.002 -11"><span class='ocrx_word' id='word_1_1' title='bbox 590 148 635 192; x_wconf 85' lang='grc' dir='ltr'>Π,</span> <span class='ocrx_word' id='word_1_2' title='bbox 661 161 717 193; x_wconf 78' lang='lat' dir='ltr'>xv,</span> <span class='ocrx_word' id='word_1_3' title='bbox 744 159 934 192; x_wconf 67' lang='lat' dir='ltr'>zi—xvn,</span> <span class='ocrx_word' id='word_1_4' title='bbox 962 159 1005 183; x_wconf 82' lang='lat'>12.</span> <span class='ocrx_word' id='word_1_5' title='bbox 1412 150 1466 190; x_wconf 85' lang='lat'>41</span> 
     </span>
    </p>
   </div>
   <div class='ocr_carea' id='block_1_2' title="bbox 79 243 1437 1635">
    <p class='ocr_par' dir='ltr' id='par_1_2' title="bbox 81 243 1334 590">
     <span class='ocr_line' id='line_1_2' title="bbox 133 243 1175 298; baseline -0.002 -12"><span class='ocrx_word' id='word_1_6' title='bbox 133 245 197 286; x_wconf 89' lang='lat' dir='ltr'>Tu</span> <span class='ocrx_word' id='word_1_7' title='bbox 227 244 388 286; x_wconf 87' lang='lat' dir='ltr'>nostris</span> <span class='ocrx_word' id='word_1_8' title='bbox 419 245 566 286; x_wconf 80' lang='lat' dir='ltr'>niveos</span> <span class='ocrx_word' id='word_1_9' title='bbox 599 244 756 285; x_wconf 89' lang='lat' dir='ltr'>umeris</span> <span class='ocrx_word' id='word_1_10' title='bbox 788 244 944 298; x_wconf 87' lang='lat' dir='ltr'>inpone</span> <span class='ocrx_word' id='word_1_11' title='bbox 975 243 1175 285; x_wconf 85' lang='lat' dir='ltr'>lacertos:</span> 
     </span>
     <span class='ocr_line' id='line_1_3' title="bbox 81 302 1165 358; baseline -0.004 -12"><span class='ocrx_word' id='word_1_12' title='bbox 81 315 114 340; x_wconf 82' lang='lat'>30</span> <span class='ocrx_word' id='word_1_13' title='bbox 193 302 380 358; x_wconf 84' lang='lat' dir='ltr'>Corpore</span> <span class='ocrx_word' id='word_1_14' title='bbox 412 317 490 344; x_wconf 89' lang='lat' dir='ltr'>nos</span> <span class='ocrx_word' id='word_1_15' title='bbox 522 302 638 344; x_wconf 85' lang='lat' dir='ltr'>facili</span> <span class='ocrx_word' id='word_1_16' title='bbox 670 302 790 344; x_wconf 80' lang='lat' dir='ltr'>dulce</span> <span class='ocrx_word' id='word_1_17' title='bbox 823 303 1006 343; x_wconf 83' lang='lat' dir='ltr'>feremus</span> <span class='ocrx_word' id='word_1_18' title='bbox 1041 316 1165 357; x_wconf 70' lang='lat' dir='ltr'>onus,</span> 
     </span>
     <span class='ocr_line' id='line_1_4' title="bbox 135 360 1334 416; baseline -0.003 -13"><span class='ocrx_word' id='word_1_19' title='bbox 135 361 267 416; x_wconf 88' lang='lat' dir='ltr'>Saepe</span> <span class='ocrx_word' id='word_1_20' title='bbox 298 364 448 416; x_wconf 87' lang='lat' dir='ltr'>petens</span> <span class='ocrx_word' id='word_1_21' title='bbox 480 361 627 402; x_wconf 82' lang='lat' dir='ltr'>Heron</span> <span class='ocrx_word' id='word_1_22' title='bbox 658 360 822 402; x_wconf 88' lang='lat' dir='ltr'>iuvenis</span> <span class='ocrx_word' id='word_1_23' title='bbox 854 363 1150 401; x_wconf 67' lang='lat' dir='ltr'>transnaverat</span> <span class='ocrx_word' id='word_1_24' title='bbox 1182 360 1334 401; x_wconf 88' lang='lat' dir='ltr'>undas:</span> 
     </span>
     <span class='ocr_line' id='line_1_5' title="bbox 192 418 1298 474; baseline -0.002 -13"><span class='ocrx_word' id='word_1_25' title='bbox 192 420 301 461; x_wconf 88' lang='lat' dir='ltr'>Tum</span> <span class='ocrx_word' id='word_1_26' title='bbox 333 434 500 474; x_wconf 92' lang='lat' dir='ltr'>quoque</span> <span class='ocrx_word' id='word_1_27' title='bbox 532 422 814 473; x_wconf 87' lang='lat' dir='ltr'>transnasset,</span> <span class='ocrx_word' id='word_1_28' title='bbox 847 419 919 459; x_wconf 90' lang='lat' dir='ltr'>sed</span> <span class='ocrx_word' id='word_1_29' title='bbox 950 419 1020 460; x_wconf 84' lang='lat' dir='ltr'>via</span> <span class='ocrx_word' id='word_1_30' title='bbox 1051 433 1175 460; x_wconf 89' lang='lat' dir='ltr'>caeca</span> <span class='ocrx_word' id='word_1_31' title='bbox 1205 418 1298 459; x_wconf 86' lang='lat' dir='ltr'>fuit.</span> 
     </span>
     <span class='ocr_line' id='line_1_6' title="bbox 133 476 1152 533; baseline -0.003 -13"><span class='ocrx_word' id='word_1_32' title='bbox 133 479 193 520; x_wconf 87' lang='lat' dir='ltr'>At</span> <span class='ocrx_word' id='word_1_33' title='bbox 225 479 314 519; x_wconf 90' lang='lat' dir='ltr'>sine</span> <span class='ocrx_word' id='word_1_34' title='bbox 346 481 410 533; x_wconf 84' lang='lat' dir='ltr'>te,</span> <span class='ocrx_word' id='word_1_35' title='bbox 442 477 634 531; x_wconf 87' lang='lat' dir='ltr'>quamvis</span> <span class='ocrx_word' id='word_1_36' title='bbox 668 477 835 531; x_wconf 86' lang='lat' dir='ltr'>operosi</span> <span class='ocrx_word' id='word_1_37' title='bbox 868 477 1027 517; x_wconf 86' lang='lat' dir='ltr'>vitibus</span> <span class='ocrx_word' id='word_1_38' title='bbox 1060 476 1152 532; x_wconf 82' lang='lat' dir='ltr'>agri</span> 
     </span>
     <span class='ocr_line' id='line_1_7' title="bbox 191 535 1268 590; baseline -0.002 -13"><span class='ocrx_word' id='word_1_39' title='bbox 191 536 260 578; x_wconf 89' lang='lat' dir='ltr'>Me</span> <span class='ocrx_word' id='word_1_40' title='bbox 292 539 484 590; x_wconf 88' lang='lat' dir='ltr'>teneant,</span> <span class='ocrx_word' id='word_1_41' title='bbox 516 535 708 589; x_wconf 78' lang='lat' dir='ltr'>quamvis</span> <span class='ocrx_word' id='word_1_42' title='bbox 741 535 936 576; x_wconf 88' lang='lat' dir='ltr'>amnibus</span> <span class='ocrx_word' id='word_1_43' title='bbox 971 549 1071 576; x_wconf 87' lang='lat' dir='ltr'>arva</span> <span class='ocrx_word' id='word_1_44' title='bbox 1101 538 1268 589; x_wconf 82' lang='lat' dir='ltr'>natent,</span> 
     </span>
    </p>

    <p class='ocr_par' dir='ltr' id='par_1_3' title="bbox 82 593 1269 824">
     <span class='ocr_line' id='line_1_8' title="bbox 82 593 1265 647; baseline -0.003 -11"><span class='ocrx_word' id='word_1_45' title='bbox 82 606 114 632; x_wconf 81' lang='lat'>35</span> <span class='ocrx_word' id='word_1_46' title='bbox 134 595 192 636; x_wconf 89' lang='lat' dir='ltr'>Et</span> <span class='ocrx_word' id='word_1_47' title='bbox 223 598 346 636; x_wconf 85' lang='lat' dir='ltr'>vocet</span> <span class='ocrx_word' id='word_1_48' title='bbox 376 594 422 635; x_wconf 90' lang='lat' dir='ltr'>in</span> <span class='ocrx_word' id='word_1_49' title='bbox 452 594 567 635; x_wconf 78' lang='lat' dir='ltr'>rivos</span> <span class='ocrx_word' id='word_1_50' title='bbox 601 596 840 635; x_wconf 85' lang='lat' dir='ltr'>currentem</span> <span class='ocrx_word' id='word_1_51' title='bbox 872 593 1057 635; x_wconf 86' lang='lat' dir='ltr'>rusticus</span> <span class='ocrx_word' id='word_1_52' title='bbox 1090 593 1265 647; x_wconf 85' lang='lat' dir='ltr'>undam,</span> 
     </span>
     <span class='ocr_line' id='line_1_9' title="bbox 191 652 1228 708; baseline -0.002 -14"><span class='ocrx_word' id='word_1_53' title='bbox 191 653 450 708; x_wconf 77' lang='lat' dir='ltr'>Frigidaque</span> <span class='ocrx_word' id='word_1_54' title='bbox 483 653 682 693; x_wconf 87' lang='lat' dir='ltr'>arboreas</span> <span class='ocrx_word' id='word_1_55' title='bbox 715 652 900 693; x_wconf 89' lang='lat' dir='ltr'>mulceat</span> <span class='ocrx_word' id='word_1_56' title='bbox 932 666 1034 692; x_wconf 89' lang='lat' dir='ltr'>aura</span> <span class='ocrx_word' id='word_1_57' title='bbox 1067 665 1228 705; x_wconf 88' lang='lat' dir='ltr'>comas,</span> 
     </span>
     <span class='ocr_line' id='line_1_10' title="bbox 133 709 1269 767; baseline -0.003 -14"><span class='ocrx_word' id='word_1_58' title='bbox 133 710 233 753; x_wconf 90' lang='lat' dir='ltr'>Non</span> <span class='ocrx_word' id='word_1_59' title='bbox 265 725 343 767; x_wconf 83' lang='lat' dir='ltr'>ego</span> <span class='ocrx_word' id='word_1_60' title='bbox 376 710 605 765; x_wconf 82' lang='lat' dir='ltr'>Paelignos</span> <span class='ocrx_word' id='word_1_61' title='bbox 637 710 781 751; x_wconf 85' lang='lat' dir='ltr'>videor</span> <span class='ocrx_word' id='word_1_62' title='bbox 814 710 1026 751; x_wconf 84' lang='lat' dir='ltr'>celebrare</span> <span class='ocrx_word' id='word_1_63' title='bbox 1061 709 1269 763; x_wconf 80' lang='lat' dir='ltr'>salubres,</span> 
     </span>
     <span class='ocr_line' id='line_1_11' title="bbox 190 768 1186 824; baseline -0.002 -14"><span class='ocrx_word' id='word_1_64' title='bbox 190 769 292 810; x_wconf 85' lang='lat' dir='ltr'>Non</span> <span class='ocrx_word' id='word_1_65' title='bbox 324 783 403 824; x_wconf 84' lang='lat' dir='ltr'>ego</span> <span class='ocrx_word' id='word_1_66' title='bbox 434 769 640 823; x_wconf 82' lang='lat' dir='ltr'>natalem,</span> <span class='ocrx_word' id='word_1_67' title='bbox 671 783 770 809; x_wconf 87' lang='lat' dir='ltr'>rura</span> <span class='ocrx_word' id='word_1_68' title='bbox 801 771 997 822; x_wconf 85' lang='lat' dir='ltr'>paterna,</span> <span class='ocrx_word' id='word_1_69' title='bbox 1027 768 1186 821; x_wconf 90' lang='lat' dir='ltr'>locum,</span> 
     </span>
    </p>

    <p class='ocr_par' dir='ltr' id='par_1_4' title="bbox 79 825 1437 1635">
     <span class='ocr_line' id='line_1_12' title="bbox 135 825 1437 882; baseline -0.002 -13"><span class='ocrx_word' id='word_1_70' title='bbox 135 827 216 869; x_wconf 88' lang='lat' dir='ltr'>Sed</span> <span class='ocrx_word' id='word_1_71' title='bbox 250 826 470 882; x_wconf 83' lang='lat' dir='ltr'>Scythiam</span> <span class='ocrx_word' id='word_1_72' title='bbox 503 825 740 880; x_wconf 81' lang='lat' dir='ltr'>Cilicasque</span> <span class='ocrx_word' id='word_1_73' title='bbox 772 826 884 867; x_wconf 85' lang='lat' dir='ltr'>feros</span> <span class='ocrx_word' id='word_1_74' title='bbox 916 826 1154 880; x_wconf 81' lang='lat' dir='ltr'>viridesque</span> <span class='ocrx_word' id='word_1_75' title='bbox 1187 825 1437 878; x_wconf 71' lang='lat' dir='ltr'>Britannos,</span> 
     </span>
     <span class='ocr_line' id='line_1_13' title="bbox 79 884 1192 940; baseline 0.001 -17"><span class='ocrx_word' id='word_1_76' title='bbox 79 898 113 923; x_wconf 82' lang='lat'>40</span> <span class='ocrx_word' id='word_1_77' title='bbox 193 885 391 940; x_wconf 80' lang='lat' dir='ltr'>Quaeque</span> <span class='ocrx_word' id='word_1_78' title='bbox 422 885 679 926; x_wconf 86' lang='lat' dir='ltr'>Prometheo</span> <span class='ocrx_word' id='word_1_79' title='bbox 714 899 815 925; x_wconf 85' lang='lat' dir='ltr'>saxa</span> <span class='ocrx_word' id='word_1_80' title='bbox 847 898 994 925; x_wconf 88' lang='lat' dir='ltr'>cruore</span> <span class='ocrx_word' id='word_1_81' title='bbox 1026 884 1192 924; x_wconf 85' lang='lat' dir='ltr'>rubent.</span> 
     </span>
     <span class='ocr_line' id='line_1_14' title="bbox 133 942 1262 997; baseline -0.003 -12"><span class='ocrx_word' id='word_1_82' title='bbox 133 943 285 985; x_wconf 89' lang='lat' dir='ltr'>Ulmus</span> <span class='ocrx_word' id='word_1_83' title='bbox 318 946 433 985; x_wconf 90' lang='lat' dir='ltr'>amat</span> <span class='ocrx_word' id='word_1_84' title='bbox 464 943 614 997; x_wconf 87' lang='lat' dir='ltr'>vitem,</span> <span class='ocrx_word' id='word_1_85' title='bbox 645 942 743 983; x_wconf 86' lang='lat' dir='ltr'>vitis</span> <span class='ocrx_word' id='word_1_86' title='bbox 775 956 862 983; x_wconf 89' lang='lat' dir='ltr'>non</span> <span class='ocrx_word' id='word_1_87' title='bbox 894 942 1051 983; x_wconf 89' lang='lat' dir='ltr'>deserit</span> <span class='ocrx_word' id='word_1_88' title='bbox 1082 942 1262 982; x_wconf 89' lang='lat' dir='ltr'>ulmum:</span> 
     </span>
     <span class='ocr_line' id='line_1_15' title="bbox 194 1000 1167 1057; baseline -0.004 -13"><span class='ocrx_word' id='word_1_89' title='bbox 194 1001 376 1057; x_wconf 87' lang='lat' dir='ltr'>Separor</span> <span class='ocrx_word' id='word_1_90' title='bbox 409 1016 433 1043; x_wconf 89' lang='lat' dir='ltr'>a</span> <span class='ocrx_word' id='word_1_91' title='bbox 464 1001 636 1042; x_wconf 83' lang='lat' dir='ltr'>domina</span> <span class='ocrx_word' id='word_1_92' title='bbox 657 1005 742 1042; x_wconf 83' lang='lat' dir='ltr'>&#39;cur</span> <span class='ocrx_word' id='word_1_93' title='bbox 774 1014 853 1055; x_wconf 82' lang='lat' dir='ltr'>ego</span> <span class='ocrx_word' id='word_1_94' title='bbox 888 1014 1012 1054; x_wconf 83' lang='lat' dir='ltr'>saepe</span> <span class='ocrx_word' id='word_1_95' title='bbox 1045 1000 1167 1040; x_wconf 75' lang='lat' dir='ltr'>mea?</span> 
     </span>
     <span class='ocr_line' id='line_1_16' title="bbox 133 1057 1223 1112; baseline -0.004 -10"><span class='ocrx_word' id='word_1_96' title='bbox 133 1061 193 1102; x_wconf 86' lang='lat' dir='ltr'>At</span> <span class='ocrx_word' id='word_1_97' title='bbox 224 1060 330 1101; x_wconf 80' lang='lat' dir='ltr'>mihi</span> <span class='ocrx_word' id='word_1_98' title='bbox 362 1063 404 1101; x_wconf 91' lang='lat' dir='ltr'>te</span> <span class='ocrx_word' id='word_1_99' title='bbox 438 1059 639 1101; x_wconf 85' lang='lat' dir='ltr'>comitem</span> <span class='ocrx_word' id='word_1_100' title='bbox 670 1059 835 1099; x_wconf 87' lang='lat' dir='ltr'>iuraras</span> <span class='ocrx_word' id='word_1_101' title='bbox 867 1072 1001 1112; x_wconf 87' lang='lat' dir='ltr'>usque</span> <span class='ocrx_word' id='word_1_102' title='bbox 1033 1057 1223 1099; x_wconf 83' lang='lat' dir='ltr'>futuram</span> 
     </span>
     <span class='ocr_line' id='line_1_17' title="bbox 190 1117 1269 1172; baseline -0.004 -12"><span class='ocrx_word' id='word_1_103' title='bbox 190 1119 272 1160; x_wconf 89' lang='lat' dir='ltr'>Per</span> <span class='ocrx_word' id='word_1_104' title='bbox 303 1133 369 1159; x_wconf 90' lang='lat' dir='ltr'>me</span> <span class='ocrx_word' id='word_1_105' title='bbox 400 1132 559 1172; x_wconf 86' lang='lat' dir='ltr'>perque</span> <span class='ocrx_word' id='word_1_106' title='bbox 592 1117 756 1170; x_wconf 90' lang='lat' dir='ltr'>oculos,</span> <span class='ocrx_word' id='word_1_107' title='bbox 788 1117 927 1158; x_wconf 87' lang='lat' dir='ltr'>sidera</span> <span class='ocrx_word' id='word_1_108' title='bbox 956 1120 1123 1171; x_wconf 87' lang='lat' dir='ltr'>nostra,</span> <span class='ocrx_word' id='word_1_109' title='bbox 1154 1120 1269 1157; x_wconf 89' lang='lat' dir='ltr'>tuos:</span> 
     </span>
     <span class='ocr_line' id='line_1_18' title="bbox 79 1175 1123 1231; baseline -0.003 -13"><span class='ocrx_word' id='word_1_110' title='bbox 79 1189 112 1213; x_wconf 76' lang='lat'>45</span> <span class='ocrx_word' id='word_1_111' title='bbox 131 1177 278 1219; x_wconf 87' lang='lat' dir='ltr'>Verba</span> <span class='ocrx_word' id='word_1_112' title='bbox 309 1177 566 1231; x_wconf 76' lang='lat' dir='ltr'>puellarum,</span> <span class='ocrx_word' id='word_1_113' title='bbox 596 1175 711 1216; x_wconf 83' lang='lat' dir='ltr'>foliis</span> <span class='ocrx_word' id='word_1_114' title='bbox 742 1175 903 1216; x_wconf 87' lang='lat' dir='ltr'>leviora</span> <span class='ocrx_word' id='word_1_115' title='bbox 936 1175 1123 1229; x_wconf 80' lang='lat' dir='ltr'>caducis,</span> 
     </span>
     <span class='ocr_line' id='line_1_19' title="bbox 191 1233 1278 1289; baseline -0.003 -13"><span class='ocrx_word' id='word_1_116' title='bbox 191 1235 345 1289; x_wconf 74' lang='lat' dir='ltr'>Inrita,</span> <span class='ocrx_word' id='word_1_117' title='bbox 378 1249 461 1288; x_wconf 88' lang='lat' dir='ltr'>qua</span> <span class='ocrx_word' id='word_1_118' title='bbox 491 1234 692 1287; x_wconf 79' lang='lat' dir='ltr'>visumst,</span> <span class='ocrx_word' id='word_1_119' title='bbox 722 1236 874 1274; x_wconf 86' lang='lat' dir='ltr'>ventus</span> <span class='ocrx_word' id='word_1_120' title='bbox 908 1236 950 1274; x_wconf 90' lang='lat' dir='ltr'>et</span> <span class='ocrx_word' id='word_1_121' title='bbox 981 1233 1094 1274; x_wconf 90' lang='lat' dir='ltr'>unda</span> <span class='ocrx_word' id='word_1_122' title='bbox 1125 1233 1278 1273; x_wconf 47' lang='lat' dir='ltr'>fermus:</span> 
     </span>
     <span class='ocr_line' id='line_1_20' title="bbox 135 1267 1226 1347; baseline -0.004 -12"><span class='ocrx_word' id='word_1_123' title='bbox 135 1293 266 1347; x_wconf 90' lang='lat' dir='ltr'>Siqua</span> <span class='ocrx_word' id='word_1_124' title='bbox 297 1293 381 1334; x_wconf 89' lang='lat' dir='ltr'>mei</span> <span class='ocrx_word' id='word_1_125' title='bbox 412 1295 557 1333; x_wconf 88' lang='lat' dir='ltr'>tamen</span> <span class='ocrx_word' id='word_1_126' title='bbox 589 1294 653 1332; x_wconf 88' lang='lat' dir='ltr'>est</span> <span class='ocrx_word' id='word_1_127' title='bbox 682 1267 729 1331; x_wconf 84' lang='lat' dir='ltr'>in</span> <span class='ocrx_word' id='word_1_128' title='bbox 760 1294 802 1332; x_wconf 87' lang='lat' dir='ltr'>te</span> <span class='ocrx_word' id='word_1_129' title='bbox 834 1291 906 1345; x_wconf 86' lang='lat' dir='ltr'>pia</span> <span class='ocrx_word' id='word_1_130' title='bbox 937 1305 1038 1332; x_wconf 87' lang='lat' dir='ltr'>cura</span> <span class='ocrx_word' id='word_1_131' title='bbox 1069 1291 1226 1345; x_wconf 89' lang='lat' dir='ltr'>relicti,</span> 
     </span>
     <span class='ocr_line' id='line_1_21' title="bbox 193 1349 1018 1405; baseline -0.004 -13"><span class='ocrx_word' id='word_1_132' title='bbox 193 1351 337 1405; x_wconf 88' lang='lat' dir='ltr'>Incipe</span> <span class='ocrx_word' id='word_1_133' title='bbox 368 1350 573 1405; x_wconf 74' lang='lat' dir='ltr'>pollicitis</span> <span class='ocrx_word' id='word_1_134' title='bbox 606 1349 756 1391; x_wconf 87' lang='lat' dir='ltr'>addere</span> <span class='ocrx_word' id='word_1_135' title='bbox 788 1349 901 1390; x_wconf 87' lang='lat' dir='ltr'>facta</span> <span class='ocrx_word' id='word_1_136' title='bbox 933 1349 1018 1389; x_wconf 89' lang='lat' dir='ltr'>tuis</span> 
     </span>
     <span class='ocr_line' id='line_1_22' title="bbox 132 1406 1374 1463; baseline -0.004 -12"><span class='ocrx_word' id='word_1_137' title='bbox 132 1410 352 1463; x_wconf 90' lang='lat' dir='ltr'>Parvaque</span> <span class='ocrx_word' id='word_1_138' title='bbox 386 1408 700 1463; x_wconf 85' lang='lat' dir='ltr'>quamprimum</span> <span class='ocrx_word' id='word_1_139' title='bbox 732 1407 997 1461; x_wconf 69' lang='lat' dir='ltr'>rapientibus</span> <span class='ocrx_word' id='word_1_140' title='bbox 1031 1407 1177 1447; x_wconf 86' lang='lat' dir='ltr'>esseda</span> <span class='ocrx_word' id='word_1_141' title='bbox 1209 1406 1374 1448; x_wconf 87' lang='lat' dir='ltr'>mannis</span> 
     </span>
     <span class='ocr_line' id='line_1_23' title="bbox 81 1465 1143 1522; baseline -0.003 -13"><span class='ocrx_word' id='word_1_142' title='bbox 81 1478 115 1505; x_wconf 83' lang='lat'>50</span> <span class='ocrx_word' id='word_1_143' title='bbox 192 1468 292 1522; x_wconf 88' lang='lat' dir='ltr'>Ipsa</span> <span class='ocrx_word' id='word_1_144' title='bbox 322 1481 398 1522; x_wconf 87' lang='lat' dir='ltr'>per</span> <span class='ocrx_word' id='word_1_145' title='bbox 431 1467 637 1508; x_wconf 88' lang='lat' dir='ltr'>admissas</span> <span class='ocrx_word' id='word_1_146' title='bbox 671 1468 849 1507; x_wconf 87' lang='lat' dir='ltr'>concute</span> <span class='ocrx_word' id='word_1_147' title='bbox 879 1465 971 1506; x_wconf 89' lang='lat' dir='ltr'>lora</span> <span class='ocrx_word' id='word_1_148' title='bbox 1002 1465 1143 1506; x_wconf 79' lang='lat' dir='ltr'>iubas!</span> 
     </span>
     <span class='ocr_line' id='line_1_24' title="bbox 134 1523 1300 1580; baseline -0.004 -12"><span class='ocrx_word' id='word_1_149' title='bbox 134 1527 194 1568; x_wconf 86' lang='lat' dir='ltr'>At</span> <span class='ocrx_word' id='word_1_150' title='bbox 225 1540 320 1580; x_wconf 77' lang='lat' dir='ltr'>vos,</span> <span class='ocrx_word' id='word_1_151' title='bbox 352 1540 435 1579; x_wconf 88' lang='lat' dir='ltr'>qua</span> <span class='ocrx_word' id='word_1_152' title='bbox 465 1525 624 1579; x_wconf 85' lang='lat' dir='ltr'>vcm&#39;et,</span> <span class='ocrx_word' id='word_1_153' title='bbox 655 1523 827 1578; x_wconf 88' lang='lat' dir='ltr'>tumidi,</span> <span class='ocrx_word' id='word_1_154' title='bbox 860 1523 1084 1577; x_wconf 86' lang='lat' dir='ltr'>subsidite,</span> <span class='ocrx_word' id='word_1_155' title='bbox 1115 1526 1300 1577; x_wconf 87' lang='lat' dir='ltr'>montes,</span> 
     </span>
     <span class='ocr_line' id='line_1_25' title="bbox 192 1582 1096 1635; baseline -0.006 -9"><span class='ocrx_word' id='word_1_156' title='bbox 192 1585 251 1626; x_wconf 87' lang='lat' dir='ltr'>Et</span> <span class='ocrx_word' id='word_1_157' title='bbox 281 1583 428 1625; x_wconf 85' lang='lat' dir='ltr'>faciles</span> <span class='ocrx_word' id='word_1_158' title='bbox 461 1583 600 1625; x_wconf 81' lang='lat' dir='ltr'>curvis</span> <span class='ocrx_word' id='word_1_159' title='bbox 633 1582 816 1623; x_wconf 85' lang='lat' dir='ltr'>vallibus</span> <span class='ocrx_word' id='word_1_160' title='bbox 849 1585 956 1635; x_wconf 88' lang='lat' dir='ltr'>este,</span> <span class='ocrx_word' id='word_1_161' title='bbox 988 1582 1096 1622; x_wconf 86' lang='lat' dir='ltr'>viae!</span> 
     </span>
    </p>
   </div>
   <div class='ocr_carea' id='block_1_3' title="bbox 85 1698 1440 2394">
    <p class='ocr_par' dir='ltr' id='par_1_5' title="bbox 85 1698 1440 2394">
     <span class='ocr_line' id='line_1_26' title="bbox 87 1698 1233 1754; baseline -0.001 -15"><span class='ocrx_word' id='word_1_162' title='bbox 87 1705 113 1739; x_wconf 89' lang='grc' dir='ltr'>Ι.</span> <span class='ocrx_word' id='word_1_163' title='bbox 142 1700 285 1754; x_wconf 81' lang='lat' dir='ltr'>Siquis</span> <span class='ocrx_word' id='word_1_164' title='bbox 318 1700 416 1754; x_wconf 88' lang='lat' dir='ltr'>erit,</span> <span class='ocrx_word' id='word_1_165' title='bbox 448 1699 520 1753; x_wconf 89' lang='lat' dir='ltr'>qui</span> <span class='ocrx_word' id='word_1_166' title='bbox 551 1702 674 1752; x_wconf 87' lang='lat' dir='ltr'>turpe</span> <span class='ocrx_word' id='word_1_167' title='bbox 705 1701 829 1752; x_wconf 89' lang='lat' dir='ltr'>putet</span> <span class='ocrx_word' id='word_1_168' title='bbox 861 1698 1017 1739; x_wconf 77' lang='lat' dir='ltr'>servire</span> <span class='ocrx_word' id='word_1_169' title='bbox 1049 1698 1233 1752; x_wconf 89' lang='lat' dir='ltr'>puellae,</span> 
     </span>
     <span class='ocr_line' id='line_1_27' title="bbox 192 1756 1002 1811; baseline -0.005 -11"><span class='ocrx_word' id='word_1_170' title='bbox 192 1759 273 1800; x_wconf 89' lang='lat' dir='ltr'>Illo</span> <span class='ocrx_word' id='word_1_171' title='bbox 307 1758 534 1800; x_wconf 83' lang='lat' dir='ltr'>convincar</span> <span class='ocrx_word' id='word_1_172' title='bbox 564 1757 701 1798; x_wconf 88' lang='lat' dir='ltr'>iudice</span> <span class='ocrx_word' id='word_1_173' title='bbox 734 1756 870 1810; x_wconf 90' lang='lat' dir='ltr'>turpis</span> <span class='ocrx_word' id='word_1_174' title='bbox 905 1770 1002 1811; x_wconf 79' lang='lat' dir='ltr'>ego3</span> 
     </span>
     <span class='ocr_line' id='line_1_28' title="bbox 137 1814 1250 1869; baseline -0.004 -10"><span class='ocrx_word' id='word_1_175' title='bbox 137 1816 227 1859; x_wconf 91' lang='lat' dir='ltr'>Sim</span> <span class='ocrx_word' id='word_1_176' title='bbox 258 1817 359 1858; x_wconf 89' lang='lat' dir='ltr'>licet</span> <span class='ocrx_word' id='word_1_177' title='bbox 389 1815 582 1869; x_wconf 86' lang='lat' dir='ltr'>infamis,</span> <span class='ocrx_word' id='word_1_178' title='bbox 613 1815 712 1855; x_wconf 91' lang='lat' dir='ltr'>dum</span> <span class='ocrx_word' id='word_1_179' title='bbox 745 1829 812 1855; x_wconf 90' lang='lat' dir='ltr'>me</span> <span class='ocrx_word' id='word_1_180' title='bbox 843 1814 1104 1855; x_wconf 87' lang='lat' dir='ltr'>moderatius</span> <span class='ocrx_word' id='word_1_181' title='bbox 1136 1817 1250 1867; x_wconf 88' lang='lat' dir='ltr'>urat,</span> 
     </span>
     <span class='ocr_line' id='line_1_29' title="bbox 195 1871 1290 1928; baseline -0.005 -12"><span class='ocrx_word' id='word_1_182' title='bbox 195 1875 309 1924; x_wconf 83' lang='lat' dir='ltr'>Quae</span> <span class='ocrx_word' id='word_1_183' title='bbox 342 1873 521 1928; x_wconf 86' lang='lat' dir='ltr'>Paphon</span> <span class='ocrx_word' id='word_1_184' title='bbox 553 1876 595 1913; x_wconf 88' lang='lat' dir='ltr'>et</span> <span class='ocrx_word' id='word_1_185' title='bbox 626 1873 757 1914; x_wconf 88' lang='lat' dir='ltr'>fluctu</span> <span class='ocrx_word' id='word_1_186' title='bbox 789 1873 912 1926; x_wconf 84' lang='lat' dir='ltr'>pulsa</span> <span class='ocrx_word' id='word_1_187' title='bbox 945 1871 1130 1925; x_wconf 80' lang='lat' dir='ltr'>Cythera</span> <span class='ocrx_word' id='word_1_188' title='bbox 1162 1875 1290 1912; x_wconf 85' lang='lat' dir='ltr'>tenet.</span> 
     </span>
     <span class='ocr_line' id='line_1_30' title="bbox 100 1929 1440 1988; baseline -0.003 -13"><span class='ocrx_word' id='word_1_189' title='bbox 100 1944 116 1970; x_wconf 85' lang='lat'>5</span> <span class='ocrx_word' id='word_1_190' title='bbox 135 1934 277 1988; x_wconf 88' lang='lat' dir='ltr'>Atque</span> <span class='ocrx_word' id='word_1_191' title='bbox 309 1933 474 1973; x_wconf 86' lang='lat' dir='ltr'>utinam</span> <span class='ocrx_word' id='word_1_192' title='bbox 507 1930 701 1972; x_wconf 89' lang='lat' dir='ltr'>dominae</span> <span class='ocrx_word' id='word_1_193' title='bbox 734 1931 828 1971; x_wconf 89' lang='lat' dir='ltr'>miti</span> <span class='ocrx_word' id='word_1_194' title='bbox 863 1944 1028 1984; x_wconf 92' lang='lat' dir='ltr'>quoque</span> <span class='ocrx_word' id='word_1_195' title='bbox 1060 1930 1216 1983; x_wconf 88' lang='lat' dir='ltr'>praeda</span> <span class='ocrx_word' id='word_1_196' title='bbox 1246 1929 1440 1984; x_wconf 83' lang='lat' dir='ltr'>fuissem,</span> 
     </span>
     <span class='ocr_line' id='line_1_31' title="bbox 194 1988 1211 2044; baseline -0.006 -11"><span class='ocrx_word' id='word_1_197' title='bbox 194 1992 426 2033; x_wconf 87' lang='lat' dir='ltr'>Formosae</span> <span class='ocrx_word' id='word_1_198' title='bbox 460 1989 661 2044; x_wconf 86' lang='lat' dir='ltr'>quoniam</span> <span class='ocrx_word' id='word_1_199' title='bbox 692 1989 848 2042; x_wconf 87' lang='lat' dir='ltr'>praeda</span> <span class='ocrx_word' id='word_1_200' title='bbox 877 1988 1046 2028; x_wconf 85' lang='lat' dir='ltr'>futurus</span> <span class='ocrx_word' id='word_1_201' title='bbox 1080 1989 1211 2028; x_wconf 84' lang='lat' dir='ltr'>eram!</span> 
     </span>
     <span class='ocr_line' id='line_1_32' title="bbox 134 2045 1236 2100; baseline -0.005 -8"><span class='ocrx_word' id='word_1_202' title='bbox 134 2049 222 2092; x_wconf 91' lang='lat' dir='ltr'>Dat</span> <span class='ocrx_word' id='word_1_203' title='bbox 254 2049 384 2091; x_wconf 84' lang='lat' dir='ltr'>facies</span> <span class='ocrx_word' id='word_1_204' title='bbox 418 2048 599 2090; x_wconf 83' lang='lat' dir='ltr'>animos:</span> <span class='ocrx_word' id='word_1_205' title='bbox 631 2047 738 2088; x_wconf 83' lang='lat' dir='ltr'>facie</span> <span class='ocrx_word' id='word_1_206' title='bbox 771 2046 957 2087; x_wconf 78' lang='lat' dir='ltr'>violenta</span> <span class='ocrx_word' id='word_1_207' title='bbox 989 2045 1236 2100; x_wconf 79' lang='lat' dir='ltr'>Corinnast3</span> 
     </span>
     <span class='ocr_line' id='line_1_33' title="bbox 194 2104 1254 2149; baseline -0.005 0"><span class='ocrx_word' id='word_1_208' title='bbox 194 2108 262 2149; x_wconf 86' lang='lat' dir='ltr'>Me</span> <span class='ocrx_word' id='word_1_209' title='bbox 295 2107 514 2149; x_wconf 77' lang='lat' dir='ltr'>miserum!</span> <span class='ocrx_word' id='word_1_210' title='bbox 548 2120 621 2147; x_wconf 90' lang='lat' dir='ltr'>cur</span> <span class='ocrx_word' id='word_1_211' title='bbox 653 2108 717 2146; x_wconf 86' lang='lat' dir='ltr'>est</span> <span class='ocrx_word' id='word_1_212' title='bbox 749 2107 838 2145; x_wconf 87' lang='lat' dir='ltr'>tam</span> <span class='ocrx_word' id='word_1_213' title='bbox 869 2104 975 2145; x_wconf 88' lang='lat' dir='ltr'>bene</span> <span class='ocrx_word' id='word_1_214' title='bbox 1006 2107 1111 2145; x_wconf 86' lang='lat' dir='ltr'>nota</span> <span class='ocrx_word' id='word_1_215' title='bbox 1143 2104 1254 2145; x_wconf 75' lang='lat' dir='ltr'>sibi?</span> 
     </span>
     <span class='ocr_line' id='line_1_34' title="bbox 137 2162 1220 2219; baseline -0.006 -11"><span class='ocrx_word' id='word_1_216' title='bbox 137 2165 309 2208; x_wconf 83' lang='lat' dir='ltr'>Scilicet</span> <span class='ocrx_word' id='word_1_217' title='bbox 341 2180 366 2206; x_wconf 93' lang='lat' dir='ltr'>a</span> <span class='ocrx_word' id='word_1_218' title='bbox 398 2164 558 2219; x_wconf 90' lang='lat' dir='ltr'>speculi</span> <span class='ocrx_word' id='word_1_219' title='bbox 590 2165 816 2205; x_wconf 68' lang='lat' dir='ltr'>sumimtur</span> <span class='ocrx_word' id='word_1_220' title='bbox 846 2162 1033 2217; x_wconf 80' lang='lat' dir='ltr'>imagine</span> <span class='ocrx_word' id='word_1_221' title='bbox 1065 2162 1220 2216; x_wconf 84' lang='lat' dir='ltr'>fastus,</span> 
     </span>
     <span class='ocr_line' id='line_1_35' title="bbox 85 2197 1187 2288; baseline -0.006 -22"><span class='ocrx_word' id='word_1_222' title='bbox 85 2236 117 2261; x_wconf 88' lang='lat'>10</span> <span class='ocrx_word' id='word_1_223' title='bbox 194 2224 284 2266; x_wconf 85' lang='lat' dir='ltr'>Nec</span> <span class='ocrx_word' id='word_1_224' title='bbox 315 2223 399 2264; x_wconf 89' lang='lat' dir='ltr'>nisi</span> <span class='ocrx_word' id='word_1_225' title='bbox 423 2221 699 2288; x_wconf 83' lang='lat' dir='ltr'>conpositam</span> <span class='ocrx_word' id='word_1_226' title='bbox 731 2235 774 2262; x_wconf 92' lang='lat' dir='ltr'>se</span> <span class='ocrx_word' id='word_1_227' title='bbox 805 2220 924 2275; x_wconf 89' lang='lat' dir='ltr'>prius</span> <span class='ocrx_word' id='word_1_228' title='bbox 937 2197 1029 2261; x_wconf 69' lang='lat' dir='ltr'>Oilla</span> <span class='ocrx_word' id='word_1_229' title='bbox 1061 2220 1187 2261; x_wconf 86' lang='lat' dir='ltr'>videt.</span> 
     </span>
     <span class='ocr_line' id='line_1_36' title="bbox 137 2278 1331 2337; baseline -0.005 -13"><span class='ocrx_word' id='word_1_230' title='bbox 137 2282 254 2337; x_wconf 91' lang='lat' dir='ltr'>Non,</span> <span class='ocrx_word' id='word_1_231' title='bbox 285 2282 366 2323; x_wconf 88' lang='lat' dir='ltr'>tibi</span> <span class='ocrx_word' id='word_1_232' title='bbox 399 2281 434 2322; x_wconf 91' lang='lat' dir='ltr'>si</span> <span class='ocrx_word' id='word_1_233' title='bbox 465 2280 595 2322; x_wconf 84' lang='lat' dir='ltr'>facies</span> <span class='ocrx_word' id='word_1_234' title='bbox 626 2279 807 2320; x_wconf 90' lang='lat' dir='ltr'>nimium</span> <span class='ocrx_word' id='word_1_235' title='bbox 839 2279 911 2319; x_wconf 90' lang='lat' dir='ltr'>dat</span> <span class='ocrx_word' id='word_1_236' title='bbox 942 2278 986 2319; x_wconf 90' lang='lat' dir='ltr'>in</span> <span class='ocrx_word' id='word_1_237' title='bbox 1019 2279 1161 2319; x_wconf 85' lang='lat' dir='ltr'>omm&#39;a</span> <span class='ocrx_word' id='word_1_238' title='bbox 1192 2279 1331 2333; x_wconf 83' lang='lat' dir='ltr'>reoni,</span> 
     </span>
     <span class='ocr_line' id='line_1_37' title="bbox 197 2317 1081 2394; baseline -0.005 -12"><span class='ocrx_word' id='word_1_239' title='bbox 197 2317 254 2394; x_wconf 80' lang='lat'>(0⁷</span> <span class='ocrx_word' id='word_1_240' title='bbox 283 2340 412 2382; x_wconf 84' lang='lat' dir='ltr'>facies</span> <span class='ocrx_word' id='word_1_241' title='bbox 446 2339 590 2381; x_wconf 91' lang='lat' dir='ltr'>oculos</span> <span class='ocrx_word' id='word_1_242' title='bbox 620 2342 723 2380; x_wconf 87' lang='lat' dir='ltr'>nata</span> <span class='ocrx_word' id='word_1_243' title='bbox 753 2340 895 2379; x_wconf 87' lang='lat' dir='ltr'>tenere</span> <span class='ocrx_word' id='word_1_244' title='bbox 928 2335 1081 2392; x_wconf 84' lang='lat' dir='ltr'>meos!)</span> 
     </span>
    </p>
   </div>
   <div class='ocr_carea' id='block_1_4' title="bbox 0 2419 1674 2662">
    <p class='ocr_par' dir='ltr' id='par_1_6' title="bbox 0 2419 1674 2662">
     <span class='ocr_line' id='line_1_38' title="bbox 0 2419 1674 2662; baseline 0 0"><span class='ocrx_word' id='word_1_245' title='bbox 0 2419 1674 2662; x_wconf 95' lang='lat' dir='ltr'> </span> 
     </span>
    </p>
   </div>
  </div>
 </body>
</html>
