1674 2662
609 177 652 221 H,
678 191 725 221 XI,
752 187 935 221 33-1111,
962 187 1005 212 20.
1421 176 1477 218 37

138 271 207 313 Me
240 271 345 313 duce
379 271 431 312 ad
461 272 571 313 hanc
603 272 694 313 voti
725 272 872 326 finem,
903 286 970 313 me
1002 272 1137 313 milite
1170 271 1285 325 veni3

197 329 294 384 Ipse
326 344 473 384 equeS‚
502 330 594 384 ipse
625 331 771 385 pedes⁷
803 330 981 385 signifer
1010 330 1102 384 ipse
1134 329 1208 371 fui.

86 400 117 425 15
140 387 230 429 Nec
263 402 407 429 casum
439 388 613 429 fortuna
644 389 749 429 meis
781 389 1000 430 inmiscuit
1033 388 1156 430 actis:

197 445 293 487 Huc
326 447 444 500 ades,
482 461 506 487 o
539 460 640 487 cura
670 450 792 501 parte
825 446 1056 501 Triumphe
1088 447 1197 488 mea!

139 503 228 545 Nec
261 504 406 545 bellist
436 518 548 545 nova
580 519 708 555 causa
740 505 840 546 mei:
872 505 957 546 nisi
987 508 1112 559 rapta
1142 504 1296 546 fuisset

126 595 131 598 .
197 562 423 617 Tyndaris,
454 562 653 617 Europae
684 578 768 617 pax
798 563 1012 617 Asiaeque
1042 563 1172 617 foret3

138 620 315 662 Femina
349 620 556 662 silvestris
588 620 795 675 Lapithas
828 622 1117 676 populumque
1149 621 1375 662 biformem

86 691 119 716 20
198 678 398 733 Turpiter
431 679 626 733 adposito
660 680 788 720 vertit
820 680 865 720 in
898 694 1014 720 arma
1046 693 1186 734 mer03

138 737 317 778 Femina
349 737 557 778 Troianos
588 737 745 778 iterum
776 751 885 778 nova
918 738 1031 778 bella
1062 751 1230 779 movere

196 795 360 849 Inpulit
391 796 437 835 in
467 809 619 850 regno,
649 796 760 836 iuste
792 795 964 850 Latine,
994 799 1087 850 tuo3

138 853 315 894 Femina
347 853 554 894 Romanis
599 855 842 896 etiamnunc
873 853 990 895 Urbe
1022 855 1182 896 recenti

197 911 370 952 Inmisit
403 925 572 953 soceros
606 926 805 966 armaque
839 926 963 953 saeva
995 912 1121 952 dedit.

85 981 117 1007 25
137 969 238 1010 Vidi
271 983 350 1024 ego
381 983 459 1023 pro
491 970 616 1010 nivea
646 972 887 1024 pugnantes
921 970 1101 1024 coniuge
1133 973 1298 1011 tauros:

198 1027 440 1082 Spectatrix
472 1028 636 1069 animos
668 1028 762 1082 ipsa
792 1028 971 1069 iuvenca
1002 1028 1142 1069 dabat.

137 1085 205 1127 Me
239 1100 425 1140 quoque,
458 1086 530 1140 qui
561 1086 739 1140 multos7
772 1087 844 1127 sed
875 1101 942 1128 me
976 1086 1066 1127 sine
1099 1087 1241 1141 caede,
1274 1085 1438 1141 Cupido

196 1144 329 1186 Iussit
360 1144 539 1186 militiae
574 1145 697 1199 signa
728 1159 898 1186 movere
931 1159 1042 1186 suae.

67 1266 110 1301 II.
138 1261 253 1302 Dum
283 1260 516 1301 labefactat
549 1274 655 1301 onus
689 1261 854 1315 gravidi
885 1262 1111 1302 temeraria
1141 1262 1320 1316 ventri&

196 1319 247 1359 In
279 1318 408 1359 dubio
441 1318 554 1359 vitae
584 1318 698 1360 lassa
731 1317 917 1360 Corinna
947 1320 1068 1360 iacet.

136 1376 216 1418 ma
250 1376 420 1430 quidem
453 1377 563 1417 clam
594 1392 661 1418 me
693 1380 862 1418 tantum
895 1378 1044 1418 molita
1076 1378 1225 1432 pericli

196 1435 266 1476 Ira
296 1435 425 1490 digna
456 1449 569 1489 mea,
601 1435 674 1476 sed
706 1435 819 1477 cadit
849 1436 914 1476 ira
945 1439 1080 1490 metu3

101 1507 116 1532 5
138 1492 221 1535 Sed
252 1497 397 1535 tamen
428 1496 502 1534 aut
534 1508 584 1534 ex
615 1508 682 1534 me
715 1497 983 1548 conceperat,
1015 1497 1089 1535 aut
1120 1508 1198 1550 ego
1233 1494 1373 1535 credo:

195 1551 276 1593 Est
307 1551 413 1593 mihi
443 1566 522 1605 pro
553 1551 669 1593 facto
704 1566 846 1606 saepe,
879 1553 992 1606 quod
1025 1567 1115 1593 esse
1146 1555 1301 1607 potest.

136 1610 213 1663 Isi,
244 1609 549 1651 Paraetonium
582 1610 848 1665 genialiaque
883 1625 982 1651 arva
1014 1610 1177 1665 Canopi

196 1667 312 1716 Quae
345 1668 449 1709 colis
482 1672 524 1709 et
555 1667 777 1722 Memphin
806 1669 1157 1723 palmiferamque
1188 1668 1378 1723 Pharon,

137 1725 312 1780 Quaque
345 1726 455 1767 celer
486 1725 612 1767 Nilus
643 1727 731 1768 lato
765 1727 961 1782 delapsus
993 1728 1038 1768 in
1070 1727 1188 1768 alveo

85 1798 118 1823 10
194 1784 277 1826 Per
310 1787 473 1838 septem
503 1788 654 1838 portus
685 1785 731 1825 in
762 1785 892 1826 maris
925 1786 1012 1826 exit
1045 1800 1195 1839 aquas,

136 1842 218 1884 Per
248 1846 325 1884 tua
357 1843 483 1883 sistra
515 1857 685 1896 precor,
716 1857 791 1897 per
820 1843 1032 1884 Anubidis
1067 1858 1139 1884 ora
1170 1842 1359 1884 verendi:

196 1900 283 1951 (Sic
315 1904 542 1942 tuaffsacra
573 1901 668 1954 pius
703 1915 868 1955 semper
897 1900 1031 1942 Osiris
1064 1904 1196 1955 amet,

136 1959 349 2015 Pigraque
381 1959 552 2000 labatur
583 1959 696 2000 circa
727 1959 901 2000 donaria
935 1973 1126 2013 serpens,

195 2018 253 2059 Et
286 2031 427 2059 comes
458 2017 504 2058 in
534 2031 692 2071 pompa
724 2018 918 2072 corniger
949 2017 1056 2071 Apis
1089 2017 1194 2071 eatl)

86 2090 118 2114 15
136 2076 233 2117 Huc
266 2076 418 2117 adhibe
450 2075 613 2129 vultus,
645 2078 687 2116 et
719 2076 764 2116 in
794 2089 878 2116 una
909 2090 1035 2129 parce
1067 2076 1249 2116 duobus!

195 2133 309 2175 Nam
339 2134 473 2174 vitam
505 2133 700 2174 dominae
732 2136 779 2174 tu
811 2133 950 2187 dabis,
980 2133 1055 2175 illa
1085 2133 1202 2175 mihi.

139 2191 272 2247 Saepe
303 2192 384 2233 tibi
417 2191 526 2232 sedit
559 2191 685 2233 certis
718 2195 893 2245 operata
924 2191 1091 2247 diebus,

196 2251 288 2300 Qua
319 2250 451 2305 tingit
481 2250 627 2290 laurus
660 2248 824 2291 Gallica
855 2253 996 2291 turma
1027 2253 1142 2304 tuas3

138 2309 284 2364 Tuque
315 2309 562 2350 laborantes
593 2311 716 2349 utero
748 2308 950 2350 miserata
980 2308 1162 2363 puellas,

87 2379 120 2404 20
198 2367 386 2416 Quarum
417 2367 540 2408 tarda
570 2367 707 2408 latens
741 2380 919 2421 corpora
950 2367 1088 2408 tendit
1121 2381 1245 2421 onUS‚
