1690 2656
271 160 355 201 134
780 157 1100 193 EPISTULAE.

329 254 519 309 Sponsor
552 253 741 308 coniugii
773 255 859 294 stat
892 253 968 294 dea
999 253 1115 307 pieta
1147 254 1224 294 sui.

268 313 505 367 Inpositast
537 312 675 353 factae
706 314 936 365 postquam
967 326 1118 352 manus
1150 312 1303 353 ultima
1334 313 1478 367 classi,

329 372 529 412 Protinus
561 370 746 425 Aegaeis
777 370 838 411 ire
870 370 1048 411 lubebat
1080 370 1218 424 aquis:

267 430 326 471 At
358 433 481 484 pater
513 431 554 469 et
589 428 782 484 genetrix
813 428 1010 469 inhibent
1042 443 1136 470 mea
1170 432 1271 470 vota
1301 429 1494 484 rogando

329 487 686 542 Propositumque
718 487 789 541 pia
820 501 922 528 voce
955 490 1177 528 morantur
1206 487 1306 542 iter,
1563 500 1612 524 120

268 547 326 587 Et
359 560 497 600 soror,
530 545 674 586 effusis
706 549 754 586 ut
787 549 896 599 erat,
929 544 1185 600 Cassandra,
1218 546 1402 601 capillis,

329 603 436 646 Cum
468 604 626 645 vellent
657 606 830 645 nostrae
862 604 948 644 iam
981 604 1079 645 dare
1111 604 1205 645 vela
1235 608 1368 659 rates,

270 663 377 711 ‘Quo
409 662 543 704 ruis‘?'
577 662 805 717 exclamat
837 661 1009 703 ‘referes
1040 662 1236 704 incendia
1267 666 1426 704 tecum:

329 721 496 770 Quanta
527 736 603 776 pei
633 721 710 762 has
742 721 880 762 nescis
913 721 1085 762 flamma
1115 724 1288 775 petatur
1321 721 1484 776 aquasl’

267 780 307 821 Υ
311 795 381 821 eia
412 780 495 821 fuit
526 782 663 821 vates:
696 780 833 820 dictos
864 779 1104 820 invenimus
1136 780 1277 835 ignes,
1562 793 1611 817 125

327 839 384 879 Et
416 839 531 879 ferus
562 839 608 879 in
639 838 759 879 molli
789 841 962 893 pectore
994 838 1148 893 flagrat
1155 814 1315 879 Uamor!

267 896 483 938 Portubus
517 897 712 952 egredior
743 897 966 950 ventisque
998 897 1234 937 ferentibus
1267 912 1368 938 usus
1424 948 1427 950 Ι

327 956 534 1009 Applicor
563 955 609 995 in
641 958 795 1009 terras,
827 954 977 996 Oebali
1009 955 1215 1009 nympha,
1247 958 1362 1010 tuas,

267 1014 441 1068 Excipit
472 1013 661 1068 hospitio
693 1014 758 1054 vir
789 1028 855 1054 me
887 1016 1004 1054 tuus:
1037 1014 1118 1054 hoc
1152 1028 1318 1067 quoque
1350 1014 1515 1055 factum

326 1071 427 1113 Non
459 1072 548 1113 sine
581 1072 760 1113 consilio
792 1072 1123 1125 numinibusque
1157 1072 1298 1112 deum!
1561 1086 1612 1110 130

268 1131 346 1171 Ille
379 1131 549 1184 quidem
583 1130 788 1184 ostendit,
821 1130 1026 1183 quidquid
1054 1130 1372 1171 Lacedaemone
1406 1134 1499 1172 tota

328 1188 504 1230 Ostendi
537 1188 714 1243 dignum
748 1189 1108 1242 conspicuumque
1141 1188 1240 1242 fuit,

269 1247 352 1289 Sed
383 1247 488 1288 mihi
519 1247 737 1287 laudatam
770 1246 958 1300 cupienti
991 1261 1160 1287 cernere
1192 1247 1376 1288 formam

325 1305 509 1346 Lumina
539 1305 600 1346 nil
633 1305 747 1346 aliud
780 1319 862 1358 quo
895 1308 1147 1359 caperentur
1178 1309 1286 1346 erat:

266 1363 326 1405 Ut
357 1364 462 1419 vidi,
495 1363 684 1418 obstipui
716 1363 1046 1417 praecordiaque
1077 1363 1231 1404 intima
1263 1364 1376 1405 sensi
1561 1377 1611 1402 135

325 1422 552 1464 Attonitus
586 1423 697 1464 curis
728 1422 983 1463 intumuisse
1015 1422 1148 1463 novis.

266 1481 345 1523 His
380 1481 540 1522 similes
572 1481 735 1535 vultus,
767 1484 974 1534 quantum
1006 1480 1273 1535 reminiscor,
1304 1481 1492 1523 habebat

326 1540 456 1581 Venit
486 1540 533 1580 in
565 1539 790 1580 arbitrium
823 1554 918 1580 cum
951 1538 1162 1593 Cytherea
1192 1554 1351 1580 meum:

268 1598 313 1640 Si
345 1602 393 1640 tu
425 1598 613 1639 venisses
645 1598 806 1652 pariter
838 1600 1053 1638 certamen
1084 1598 1129 1637 in
1158 1597 1282 1652 illud,

325 1657 376 1698 In
408 1657 584 1698 dubium
616 1656 795 1697 Veneris
827 1656 971 1710 palma
1003 1656 1148 1696 futura
1179 1656 1278 1696 fuit!
1563 1671 1610 1694 140

266 1715 426 1771 Magna
458 1715 628 1770 quidem
660 1715 710 1755 de
742 1718 784 1756 te
816 1729 961 1755 rumor
991 1714 1220 1768 praeconia
1250 1715 1369 1769 fecit,

325 1773 540 1828 Nullaque
573 1774 621 1814 de
654 1773 762 1814 facie
793 1773 937 1814 nescia
968 1776 1084 1814 terra
1116 1776 1250 1813 tuast:

267 1832 357 1874 Nec
390 1833 470 1873 tibi
502 1847 579 1886 par
611 1846 792 1886 usquam
824 1832 1015 1886 Phrygia
1045 1847 1122 1873 nec
1156 1832 1258 1872 solis
1292 1832 1344 1873 ab
1379 1835 1475 1873 ortu

326 1891 444 1932 Inter
476 1890 687 1932 formosas
721 1891 855 1931 altera
887 1904 1043 1931 nomen
1074 1890 1258 1931 habetl*
1425 1906 1440 1918 ·

198 1962 248 1986 143
270 1948 417 1990 Credis
450 1952 492 1990 et
523 1950 604 1990 hoc
636 1949 790 1990 nobis?
823 1949 962 1990 minor
995 1952 1059 1989 est
1091 1952 1165 1989 tua
1199 1948 1336 2004 gloria
1368 1963 1486 2004 vero,
1560 1961 1610 1985 145

326 2008 542 2061 Famaque
576 2008 624 2048 de
658 2007 795 2048 forma
826 2022 959 2062 paene
992 2007 1181 2062 maligna
1211 2010 1344 2048 tuast:

198 2077 248 2103 145
269 2066 371 2107 Plus
402 2067 472 2107 hic
503 2066 692 2120 invenio,
725 2081 852 2119 quam
885 2066 998 2119 quod
1027 2066 1283 2120 promiserat
1312 2066 1405 2120 illa,

327 2124 385 2165 Et
416 2128 491 2165 tua
523 2122 702 2166 materia
734 2125 871 2179 gloria
902 2125 1015 2165 victa
1046 2128 1175 2165 suast.

267 2183 386 2236 Ergo
419 2183 524 2223 arsit
557 2184 729 2237 merito,
762 2183 833 2236 qui
864 2185 1042 2224 noverat
1076 2182 1235 2236 omnia,
1285 2182 1492 2236 Theseus,

327 2241 385 2281 Et
417 2240 507 2281 visa
539 2256 582 2282 es
614 2244 736 2282 tanto
770 2241 899 2296 digna
931 2241 1081 2295 rapina
1113 2241 1222 2295 viro,
1560 2253 1610 2277 150

267 2299 387 2340 More
419 2302 517 2339 tuae
551 2300 691 2353 gentis
723 2300 861 2340 nitida
892 2300 993 2340 dum
1024 2300 1137 2339 nuda
1167 2299 1379 2353 palaestra

198 2370 248 2394 150
326 2357 458 2398 Ludis
493 2360 534 2398 et
566 2371 610 2397 es
642 2358 766 2398 nudis
798 2357 957 2398 femina
990 2358 1124 2398 mixta
1155 2357 1268 2398 viris.
