1674 2662
709 134 871 160 547—620.
1380 126 1464 168 263

189 219 302 260 Ante
334 219 478 261 oculos
511 219 640 260 facies
673 219 823 273 stabit,
855 222 902 260 ut
932 219 1044 273 ipsa,
1075 222 1191 274 tuos3

65 289 114 317 58⁵
132 277 312 319 Tristior
342 277 499 319 idcirco
530 292 615 318 nox
649 281 730 331 est,
761 291 889 331 quam
919 280 1113 332 tempora
1143 277 1323 319 Phoebi:

191 335 307 384 Quae
338 336 496 376 relevet
527 336 687 390 luctus,
718 336 845 376 turba
877 335 1033 377 sodalis
1067 336 1198 377 abest.

132 393 221 435 Nec
251 393 352 449 fuge
385 394 677 447 conloquium,
707 408 784 435 nee
817 394 873 434 sit
906 394 986 434 tibi
1018 395 1145 435 ianua
1176 394 1336 449 clausa,

188 451 278 493 Nec
310 451 497 494 tenebris
529 452 671 492 vultus
703 451 857 492 flebilis
891 452 996 492 abde
1028 455 1136 493 tuos.

132 508 304 563 Semper
333 510 443 551 habe
473 509 669 563 Pyladen
693 509 895 564 aliquem,
927 510 999 563 qui
1032 513 1149 551 curet
1182 509 1392 551 Orestem:

64 580 114 607 590
188 568 270 609 Hic
302 582 469 622 quoque
502 567 713 609 amicitiae
745 582 831 608 non
862 568 966 609 levis
999 583 1100 609 usus
1133 569 1223 609 erit.

133 626 258 680 Quid,
288 626 372 666 nisi
404 629 590 667 secretae
623 626 838 667 laeserunt
870 625 1066 680 Phyllida
1098 627 1256 668 silvae?

188 683 315 726 Certa
345 684 461 725 necis
494 687 679 726 causast:
711 684 962 725 incomitata
992 684 1084 725 fuit.

130 742 244 795 Ibat,
275 745 323 783 ut
354 743 506 783 Edono
538 742 722 783 referens
755 743 971 784 trieterica
1002 742 1171 784 Baccho

187 800 254 841 Ire
287 800 396 842 solet
427 800 533 841 fusis
566 801 748 841 barbara
779 801 905 841 turba
937 801 1088 854 comis,

63 870 112 897 595
129 859 186 900 Et
217 859 361 913 modo,
393 874 477 912 qua
506 862 694 913 poterat,
723 859 897 913 longum
932 859 1154 912 spectabat
1184 858 1230 899 in
1262 872 1437 913 aequor,

188 916 312 958 Nunc
343 917 390 957 in
419 917 628 958 harenosa
659 917 772 957 lassa
803 917 969 958 iacebat
1000 917 1142 958 humo.

131 974 306 1016 ‘Perfide
338 974 654 1029 Demophoon?
688 975 834 1016 surdas
868 975 1080 1015 clamabat
1112 975 1163 1015 ad
1194 974 1348 1028 undas,

187 1033 413 1088 Ruptaque
446 1033 638 1088 singultu
668 1033 798 1074 verba
827 1032 1042 1086 loque-ntis
1075 1036 1206 1073 erant.

129 1091 270 1132 Limes
303 1095 394 1132 erat
424 1091 564 1132 tenuis
595 1091 725 1146 longa
758 1091 1010 1132 subnubilus
1042 1091 1212 1145 umbra,

61 1161 111 1186 ⁶00
189 1149 280 1197 Qua
311 1149 412 1190 tulit
441 1149 516 1189 illa
548 1163 646 1190 suos
680 1150 732 1190 ad
762 1164 878 1190 mare
910 1163 1034 1203 saepe
1066 1149 1205 1203 pedes.

129 1207 255 1249 Nona
285 1207 504 1248 terebatur
534 1207 711 1247 miserae
743 1207 827 1247 via:
861 1206 1059 1248 ‘videritP
1091 1207 1231 1261 inquit

187 1266 245 1306 Et
277 1268 441 1319 spectat
472 1279 622 1306 zonam
652 1265 811 1319 pallida
840 1264 955 1306 facta
988 1279 1125 1319 suam,

131 1323 325 1378 Adspicit
356 1326 399 1364 et
430 1337 589 1376 ramos3
622 1323 789 1363 dubitat
820 1322 1081 1377 refugitque,
1113 1323 1226 1376 quod
1258 1324 1401 1378 audet3

187 1382 245 1422 Et
275 1382 399 1422 timet
432 1384 473 1422 et
506 1381 665 1436 digitos
698 1381 749 1421 ad
782 1395 858 1421 sua
889 1381 999 1422 colla
1029 1380 1169 1422 refert.

61 1450 111 1476 6⁰5
131 1439 317 1494 Sithoni,
348 1443 449 1480 tunc
481 1442 593 1480 certe
625 1439 776 1480 vellem
806 1453 893 1479 non
925 1439 1015 1479 sola
1046 1439 1216 1480 fuisses:

187 1497 287 1539 Non
317 1497 460 1538 flesset
491 1497 643 1552 positis
676 1497 872 1551 Phyllida
904 1497 1010 1538 silva
1043 1498 1186 1538 comis.

129 1555 336 1610 Phyllidis
368 1556 559 1609 exemplo
591 1555 772 1595 nimium
805 1557 966 1596 secreta
997 1555 1164 1609 timete,

187 1614 319 1655 Laese
350 1614 415 1654 vir
447 1629 470 1655 a
502 1613 691 1667 domina,
722 1613 836 1654 laesa
867 1612 1009 1667 puella
1040 1614 1147 1654 viro!

129 1672 408 1714 Praestiterat
438 1672 622 1725 iuvenis,
654 1671 858 1725 quidquid
889 1685 982 1712 mea
1014 1671 1137 1712 Musa
1167 1672 1362 1727 iubebat,

61 1740 112 1766 ⁶10
187 1730 320 1784 Inque
353 1744 453 1771 suae
484 1733 612 1783 portu
642 1744 774 1783 paene
808 1729 959 1770 salutis
992 1733 1099 1770 erat:

129 1787 337 1842 Reccidit,
368 1791 416 1828 ut
449 1788 623 1842 cupidos
654 1788 766 1828 inter
798 1787 965 1828 devenit
999 1791 1208 1842 amantes,

186 1847 262 1901 Et,
294 1861 400 1900 quae
433 1846 696 1898 condiderat,
727 1846 813 1886 tela
838 1846 1069 1899 resumpsit
1099 1846 1244 1887 Amor.

130 1903 271 1958 Siquis
304 1919 419 1945 amas
450 1919 527 1945 nec
559 1904 641 1957 vis,
671 1880 802 1945 facito
836 1903 1035 1958 contagia
1067 1904 1192 1945 vites:

185 1962 303 2004 Haec
335 1962 463 2003 etiam
494 1937 641 2016 pecori
670 1976 794 2015 saepe
824 1976 975 2002 nocere
1008 1962 1158 2003 solent.

62 2030 112 2056 615
129 2020 242 2061 Dum
273 2023 467 2074 spectant
498 2020 636 2061 laesos
669 2020 797 2073 oculi,
827 2020 1052 2061 laeduntur
1084 2024 1126 2061 et
1156 2021 1258 2075 ipsi,

186 2078 406 2132 Multaque
439 2078 688 2132 corporibus
722 2078 976 2118 transitione
1008 2082 1180 2133 nocent3

128 2135 179 2176 In
209 2137 303 2178 loca
333 2151 654 2190 nonnumquam
686 2135 808 2177 siccis
842 2136 1005 2177 arentia
1038 2136 1173 2191 glebis

186 2193 250 2235 De
280 2209 411 2249 prope
444 2194 631 2236 currenti
662 2194 834 2234 flumine
866 2197 1012 2235 manat
1043 2209 1167 2248 aqua:

129 2250 274 2293 Manat
305 2267 424 2293 amor
454 2255 614 2306 tectus,
645 2251 681 2292 si
711 2266 797 2292 non
829 2252 882 2292 ab
916 2256 1084 2294 amante
1115 2252 1304 2307 recedas,

61 2318 111 2344 620
185 2309 411 2364 Turbaque
441 2310 487 2350 in
516 2310 597 2351 hoc
631 2324 775 2351 omnes
806 2309 1029 2364 ingeniosa
1061 2326 1218 2352 sumus.
