1690 2656
224 162 279 204 62
761 162 1001 197 AMORUM

223 256 414 312 Cumque
446 258 532 299 tuis
565 273 641 299 sua
672 258 901 298 iunxerunt
933 256 1212 311 Nemesisque
1242 258 1443 313 priorque

282 315 437 357 Oscula
468 331 544 357 nec
578 317 690 356 solos
725 315 955 356 destituere
987 329 1128 370 rogos.

170 386 202 411 55
221 374 346 415 Delia
377 374 633 415 descendens
667 373 863 414 ‘felicius'
895 373 1036 427 inquit
1069 373 1227 415 ‘amata

282 431 384 473 Sum
411 432 508 473 tibi:
540 431 704 486 vixisti,
735 432 835 473 dum
866 434 965 472 tuus
991 431 1104 487 ignis
1138 432 1280 474 eram.'

221 488 300 531 Cui
332 489 528 530 Nemesis
561 489 692 544 ‘quid'
726 490 786 531 ait
825 489 920 530 ‘tibi
953 493 1053 531 sunt
1085 505 1178 531 mea
1210 491 1364 532 damna
1396 491 1561 533 dolori?

279 548 346 588 Me
380 548 518 588 tenuit
550 548 734 589 moriens
767 548 988 589 deficiente
1020 548 1175 589 manu.'

223 605 266 646 Si
300 608 443 646 tamen
476 620 496 646 e
528 606 652 646 nobis
687 606 847 660 aliquid
878 606 961 647 nisi
992 620 1148 647 nomen
1181 610 1223 648 et
1253 608 1406 648 umbra

168 676 201 701 60
278 664 448 717 Restat,
478 664 525 704 in
555 664 704 718 Elysia
735 664 844 705 valle
876 664 1071 705 Tibullus
1104 665 1201 705 erit:

221 721 380 762 Obvius
412 722 511 763 huic
543 722 688 763 venias
720 722 876 764 hedera
906 722 1118 764 iuvenalia
1150 723 1314 765 cinctus

278 780 487 834 Tempora
519 795 614 821 cum
648 779 797 835 Calvo,
829 781 950 822 docte
985 780 1169 835 Catulle,
1200 785 1294 836 tuo,

220 837 283 878 Tu
316 852 501 893 quoque,
533 839 568 879 si
600 838 800 880 falsumst
832 839 1030 880 temerati
1063 839 1223 881 crimen
1255 840 1399 894 amici,

280 894 509 951 Sanguinis
543 900 669 950 atque
703 897 867 938 animae
899 897 1075 952 prodige
1110 897 1229 938 Galle
1262 901 1372 939 tuae.

166 966 198 991 <³5
218 954 297 994 His
325 968 466 1001 comes
491 955 644 995 umbra
669 958 803 1009 tuast3
830 956 995 1008 siquast
1020 956 1146 996 modo
1174 956 1363 1010 corporis
1395 958 1560 1012 umbra,

276 1012 449 1053 Auxisti
479 1027 698 1066 numeros,
731 1013 843 1054 culte
875 1013 1061 1067 Tibulle,
1091 1014 1196 1067 pios.

219 1069 326 1111 Ossa
358 1070 520 1124 quieta,
550 1085 717 1125 precor,
748 1074 844 1112 tuta
874 1071 1126 1125 requiescite
1158 1071 1202 1112 in
1234 1086 1358 1127 urna,

276 1129 334 1168 Et
367 1128 423 1169 sit
454 1128 609 1170 humus
643 1129 774 1170 cineri
805 1143 891 1170 nou
925 1143 1104 1171 onerosa
1136 1131 1228 1170 tuo!

160 1247 201 1280 X.
217 1244 373 1285 Annua
404 1247 611 1285 venerunt
644 1243 830 1286 Cerealis
862 1248 1057 1298 tempora
1090 1246 1217 1287 sacri:

278 1301 463 1344 Secubat
494 1303 539 1343 in
569 1317 702 1343 vacuo
736 1303 827 1344 sola
856 1303 999 1357 puella
1030 1307 1137 1344 toro.

217 1360 350 1401 Flava
382 1360 527 1414 Ceres,
557 1364 706 1402 tenues
741 1361 868 1415 spicis
900 1362 1099 1402 redimita
1131 1361 1327 1417 capillos,

278 1417 362 1459 Cur
392 1418 560 1459 inhibes
594 1419 724 1460 sacris
759 1420 982 1460 commoda
1012 1423 1161 1461 nostra
1192 1420 1308 1461 tuis?

182 1487 197 1511 5
218 1476 294 1529 Te,
326 1477 420 1531 dea,
455 1477 701 1518 munificam
734 1481 880 1532 gentes
912 1478 1155 1532 ubiquaque
1187 1478 1439 1533 loquuntur,

276 1533 365 1575 Nec
398 1534 537 1575 minus
569 1535 766 1576 humanis
798 1535 959 1576 invidet
991 1536 1078 1576 ulla
1110 1536 1245 1577 bonis.

217 1593 330 1633 Ante
362 1607 438 1634 nec
470 1593 626 1634 hirsuti
658 1594 879 1634 torrebant
910 1593 1024 1634 farra
1057 1594 1215 1648 coloni,

277 1650 366 1692 Nec
397 1654 549 1692 notum
580 1651 705 1692 terris
738 1666 836 1692 area
865 1665 1022 1692 nomen
1053 1655 1161 1706 erat,

220 1707 300 1749 Sed
334 1709 530 1763 glandem
564 1723 761 1763 quercus,
794 1710 965 1750 oracula
996 1710 1151 1765 prima,
1183 1710 1395 1752 ferebant:

166 1780 198 1801 m
275 1766 392 1807 Haec
425 1770 516 1808 erat
548 1771 590 1808 et
622 1767 756 1808 teneri
789 1768 988 1821 caespitis
1021 1768 1153 1809 herba
1186 1768 1324 1823 cibus,

217 1824 360 1865 Prima
392 1823 518 1866 Ceres
550 1825 695 1866 docuit
726 1828 970 1880 turgescere
1003 1841 1146 1867 semen
1176 1827 1221 1867 in
1253 1827 1367 1882 agris

276 1882 401 1923 Falce
435 1884 647 1924 coloratas
681 1884 980 1937 subsecuitque
1015 1899 1176 1939 comas,

217 1940 361 1981 Prima
391 1941 504 1995 iugis
536 1944 683 1982 tauros
717 1956 953 1996 supponere
987 1943 1095 1984 colla
1128 1943 1269 1997 coegit

276 1998 334 2038 Et
365 2002 551 2040 veterem
584 2014 711 2040 curvo
745 2001 869 2041 dente
901 2001 1067 2041 revellit
1099 2001 1287 2041 humum.

166 2067 197 2091 15
217 2056 338 2096 Hanc
372 2056 596 2110 quisquam
627 2058 813 2099 lacrimis
845 2058 995 2099 laetari
1028 2059 1161 2100 credit
1193 2061 1411 2100 amantum

275 2113 333 2154 Et
365 2114 470 2154 bene
503 2116 727 2156 tormentis
761 2116 1039 2170 secubituque
1072 2117 1183 2158 coli?

216 2171 306 2213 Nec
338 2174 482 2212 tamen
513 2176 595 2227 est,
627 2174 820 2226 quamvis
853 2188 979 2229 agros
1012 2178 1125 2215 amet
1155 2175 1229 2215 illa
1260 2175 1438 2229 feraces,

275 2229 454 2270 Rustica
485 2244 561 2271 nec
593 2231 766 2272 viduum
796 2236 946 2286 pectus
980 2233 1135 2274 amoris
1167 2233 1307 2274 habet.

218 2286 363 2328 Cretes
397 2290 520 2328 erunt
551 2290 700 2342 testes3
733 2289 828 2344 <nec
860 2291 1028 2345 fingunt
1062 2291 1204 2332 omnia
1236 2290 1399 2345 Cretes,

165 2360 197 2382 ευ
277 2344 400 2387 Crete
432 2345 596 2387 nutrito
630 2349 743 2387 terra
775 2349 958 2401 superba
989 2348 1106 2390 Iove:
