1690 2656
241 147 324 188 112
802 144 1094 179 HEROIDES.

238 243 333 285 Illic
364 246 412 284 tu
444 243 602 296 silices,
632 241 720 282 illic
754 241 980 281 adamanta
1012 239 1170 294 tulisti,

170 312 219 336 110
297 301 391 343 Illic
425 302 497 355 qui
531 301 690 354 silices,
720 299 902 353 Thesea,
933 298 1094 352 vincat,
1124 298 1275 353 habes,

170 371 217 395 131
238 359 329 401 Nec
361 363 482 414 pater
515 362 579 400 est
612 358 800 413 Aegeus,
831 371 908 398 nec
940 359 988 397 tu
1019 356 1260 397 Pittheidos
1293 356 1480 397 Aethrae

170 429 219 454 132
298 418 450 459 Filius:
484 420 680 458 auctores
713 431 816 457 saxa
846 415 1087 469 fretumque
1120 414 1200 456 tui!

240 476 439 518 Crudeles
473 475 631 529 somni,
663 475 763 528 quid
795 488 861 515 me
894 474 1094 515 tenuistis
1126 473 1337 514 inertem?

299 535 387 576 Aut
420 534 550 575 semel
582 537 754 575 aeterna
784 535 910 574 nocte
941 532 1170 587 premenda
1202 532 1275 572 fui.

238 593 328 635 Vos
361 607 528 648 quoque
562 592 770 646 crudeles,
801 591 935 645 venti,
965 591 1230 644 nimiumque
1262 590 1404 645 parati

298 652 576 705 Flaminaque
607 651 653 691 in
682 650 881 691 lacrimas
915 649 1108 690 officiosa
1139 663 1274 703 meas,

169 722 220 747 115
239 710 427 751 Dextera
459 709 659 764 crudelis,
690 723 797 762 quae
829 722 895 748 me
928 707 1188 762 fratremque
1220 707 1407 761 necavit,

298 769 357 809 Et
389 769 488 809 data
518 768 732 822 poscenti,
763 781 921 808 nomen
951 766 1095 820 inane,
1124 766 1245 806 fides!

239 827 290 868 In
322 842 388 868 me
419 827 616 867 iurarunt
647 840 821 867 somnus
854 827 1090 878 ventusque
1122 824 1326 878 fidesque:

298 884 474 926 Prodita
507 900 601 926 sum
633 884 771 925 causis
803 898 889 924 una
919 883 1061 937 puella
1092 883 1244 923 tribus.

239 944 357 999 Ergo
390 958 469 999 ego
500 958 578 984 nec
608 943 807 984 lacrimas
841 941 990 982 matris
1023 941 1232 982 moritura
1262 940 1434 994 videbo,

170 1013 220 1038 120
298 1002 407 1057 Nec,
438 1016 533 1042 mea
565 1001 637 1056 qui
670 1000 817 1055 digitis
849 1000 1011 1040 lumina
1044 999 1217 1053 condat,
1249 999 1347 1053 erit,

241 1059 426 1115 Spiritus
458 1059 608 1100 infelix
638 1058 886 1114 peregrinas
918 1058 1000 1098 ibit
1032 1058 1077 1098 in
1109 1072 1254 1111 auras,

298 1118 389 1160 Nec
420 1118 586 1173 positos
620 1121 738 1158 artus
771 1119 933 1171 unguet
966 1116 1103 1157 amica
1135 1130 1304 1169 manus3

241 1177 349 1218 Ossa
380 1177 688 1231 superstabunt
718 1175 912 1217 volucres
944 1174 1168 1215 inhumata
1200 1173 1417 1215 marinae?

298 1235 415 1276 Haec
448 1238 547 1276 sunt
580 1234 734 1275 officiis
767 1233 896 1288 digna
929 1233 1123 1287 sepulcra
1154 1232 1277 1273 meisl

171 1306 220 1331 125
240 1294 329 1335 Ibis
364 1292 591 1347 Cecropios
624 1296 774 1347 portus
806 1291 1029 1346 patriaque
1061 1294 1277 1345 receptus,

300 1351 408 1393 Cum
440 1351 610 1393 steteris
643 1351 794 1392 turbae
827 1350 964 1391 celsus
996 1349 1041 1390 in
1074 1364 1145 1390 ore
1177 1352 1275 1390 tuae

240 1411 299 1452 Et
329 1412 435 1452 bene
467 1409 653 1451 narraris
685 1409 820 1450 letum
853 1408 1049 1463 taurique
1081 1408 1244 1461 virique

301 1468 509 1522 Sectaque
540 1483 615 1523 per
648 1467 798 1508 dubias
832 1482 959 1508 saxea
990 1469 1106 1507 tecta
1137 1466 1247 1520 vias,

240 1527 309 1569 Me
342 1542 509 1582 quoque
541 1530 715 1567 narrato
749 1526 885 1566 solam
916 1525 1067 1566 tellure
1099 1524 1310 1566 relictam!

173 1598 222 1622 130
300 1585 401 1627 Non
432 1600 511 1640 ego
546 1600 640 1626 sum
671 1584 809 1626 titulis
843 1583 1116 1637 subripienda
1147 1583 1244 1623 tuis.

173 1656 223 1681 133
242 1644 298 1685 Di
330 1644 536 1699 facerent,
567 1647 616 1684 ut
647 1659 713 1684 me
747 1657 913 1683 summa
945 1643 993 1682 de
1026 1656 1165 1696 puppe
1197 1641 1378 1682 videres!

300 1702 508 1743 Movisset
540 1702 683 1743 vultus
716 1704 880 1742 maesta
911 1700 1050 1755 figura
1082 1703 1191 1740 tuos.

174 1772 223 1797 135
243 1760 368 1802 Nunc
396 1775 563 1815 quoque
588 1774 676 1800 non
702 1759 847 1813 oculis,
874 1759 959 1813 sed,
984 1773 1067 1812 qua
1092 1761 1229 1812 potes,
1255 1758 1423 1813 adspice
1444 1762 1585 1800 mente

302 1819 562 1860 Haerentem
594 1818 788 1872 scopulo,
820 1831 946 1871 quem
978 1831 1088 1872 vaga
1118 1817 1262 1871 pulsat
1295 1832 1422 1872 aqua,

244 1878 429 1932 Adspice
462 1877 668 1918 demissos
701 1876 889 1931 lugentis
921 1890 1039 1916 more
1073 1875 1248 1929 capillos

303 1936 361 1977 Et
392 1936 558 1977 tunicas
590 1935 779 1976 lacrimis
813 1934 922 1975 sicut
956 1934 1008 1974 ab
1040 1934 1176 1974 imbre
1210 1934 1368 1989 gravis!

246 1993 430 2048 Corpus,
460 1997 509 2034 ut
539 1994 734 2048 inpulsae
767 1996 932 2048 segetes
967 1992 1256 2046 aquilonibus,
1288 1992 1453 2045 horret,

176 2065 226 2089 140
304 2052 553 2105 Litteraque
587 2052 767 2093 articulo
800 2066 947 2106 pressa
978 2053 1189 2091 tremente
1220 2050 1350 2091 labat.

248 2110 349 2151 Non
379 2113 421 2150 te
453 2125 528 2164 per
559 2111 778 2164 meritum,
811 2109 1013 2164 quoniam
1045 2109 1154 2149 male
1188 2108 1334 2162 cessit,
1366 2108 1512 2149 adoro:

306 2168 464 2209 Debita
497 2168 552 2208 sit
584 2168 698 2209 facto
734 2168 874 2223 gratia
904 2168 1022 2208 nulla
1053 2181 1166 2221 meo,

249 2226 331 2268 Sed
360 2240 414 2267 ne
446 2240 585 2279 poena
618 2227 804 2280 quidem!
856 2226 891 2267 si
922 2241 1009 2267 non
1040 2239 1119 2280 ego
1153 2240 1280 2266 causa
1312 2225 1480 2278 salutis,

305 2284 407 2325 Non
438 2287 584 2325 tamen
616 2288 698 2338 est,
730 2300 803 2325 cur
837 2285 894 2325 sis
927 2288 975 2325 tu
1006 2284 1111 2324 mihi
1145 2298 1272 2325 causa
1302 2283 1428 2324 necis.

178 2355 228 2380 145
248 2342 338 2384 Has
371 2343 451 2384 tibi
482 2342 723 2397 plangendo
756 2343 957 2397 lugubria
988 2345 1161 2396 pectora
1191 2342 1326 2382 lassas
