1690 2656
243 150 299 191 52
794 149 1035 184 AMORUM

302 245 360 286 Et
391 248 518 286 notos
551 259 690 286 mores
722 258 809 284 non
841 243 945 284 satis
978 242 1108 285 Urbis
1141 245 1291 300 habet,

241 302 291 344 In
323 318 407 357 qua
437 303 702 357 Martigenae
734 316 821 342 non
853 305 953 342 sunt
985 302 1075 343 sine
1109 303 1284 344 crimine
1316 304 1405 345 nati

187 372 222 396 40
299 361 509 402 Romulus
542 361 696 401 Iliades
728 360 967 413 Iliadesque
998 360 1170 402 Remus.

242 418 333 468 Quo
366 420 446 460 tibi
478 420 730 473 formosam,
761 418 798 460 si
828 433 916 459 non
946 418 1030 460 nisi
1062 422 1180 460 casta
1211 420 1438 474 placebat?

299 478 400 518 Non
430 480 611 532 possruit
642 477 741 518 ullis
774 477 860 517 ista
891 477 1003 518 coire
1036 478 1190 518 modis!

242 535 287 577 Si
320 537 453 590 sapis,
484 536 657 590 indulge
691 535 885 576 dominae
918 535 1146 589 vultusque
1179 550 1348 577 severos

298 594 419 635 Exue
450 609 528 635 nec
559 593 687 649 rigidi
717 593 812 634 iura
843 596 962 634 tuere
994 594 1075 634 viri

186 663 220 687 45
240 652 298 693 Et
330 652 438 706 cole,
471 666 576 706 quos
609 652 772 693 dederit
804 651 981 706 (multos
1015 650 1152 707 dabit)
1185 667 1312 708 uxor,
1344 653 1522 694 amicosz

300 709 450 751 Gratia
481 711 542 752 sic
573 710 751 751 minimo
784 725 941 765 magna
971 711 1118 751 labore
1151 711 1285 765 venit3

241 768 311 810 Sic
341 769 504 823 poteris
535 769 737 810 iuvenum
770 768 964 810 convivia
997 783 1164 823 semper
1195 769 1302 810 inire

298 827 375 882 Et,
407 842 514 881 quae
545 842 633 868 non
664 828 847 881 dederis,
879 827 1016 868 multa
1046 827 1188 868 videre
1221 827 1346 869 domi.

169 946 212 980 V.
241 943 354 984 ‘Nox
386 947 496 998 erat,
528 947 570 985 et
603 958 776 984 somnus
808 944 945 985 lassos
978 943 1179 985 submisit
1211 944 1387 998 ocellos,

298 1002 558 1043 Terruerunt
590 1002 779 1042 animum
811 1002 915 1043 talia
946 1003 1037 1043 visa
1069 1016 1227 1042 meum:

240 1059 358 1101 Colle
391 1061 469 1101 sub
504 1060 647 1114 aprico
681 1061 961 1101 creberrimus
993 1060 1089 1101 ilice
1121 1060 1242 1101 lucus

299 1117 470 1172 Stabat,
502 1122 544 1159 et
574 1118 620 1158 in
650 1118 779 1159 ramis
812 1119 947 1159 multa
977 1118 1140 1159 latebat
1173 1118 1280 1173 avis,

204 1188 219 1212 5
239 1177 352 1218 Area
385 1177 603 1231 gramineo
637 1177 810 1217 suberat
842 1176 1102 1217 viridissima
1131 1180 1276 1231 prato,

297 1235 455 1276 Umida
486 1236 535 1275 de
569 1235 703 1289 guttis
734 1235 827 1275 lene
861 1235 1053 1275 sonantis
1087 1249 1239 1289 aquae,

238 1293 335 1348 Ipse
369 1294 446 1334 sub
481 1293 669 1334 arboreis
702 1293 893 1333 vitabam
924 1293 1146 1333 frondibus
1180 1295 1362 1334 aestum:

298 1350 485 1407 (Fronde
519 1352 597 1392 sub
631 1352 808 1392 arborea
841 1351 915 1392 sed
945 1354 1090 1392 tamen
1123 1354 1265 1392 aestus
1298 1350 1406 1406 erat)

238 1410 368 1464 Ecce,
399 1412 548 1463 petens
581 1409 710 1450 variis
742 1409 945 1450 inmixtas
978 1409 1155 1450 floribus
1188 1409 1342 1450 herbas

187 1480 219 1503 10
298 1468 506 1510 Constitit
537 1471 634 1508 ante
669 1468 814 1509 oculos
847 1468 1025 1509 candida
1055 1482 1184 1508 vacca
1215 1482 1351 1521 meos,

239 1526 468 1568 Candidior
498 1526 688 1580 nivibus,
720 1529 822 1567 tunc
855 1541 951 1567 cum
983 1525 1169 1567 cecidere
1201 1528 1409 1580 recentes,

296 1584 348 1625 In
378 1585 561 1637 liquidas
593 1585 784 1633 nondum
816 1599 922 1638 quas
954 1598 1074 1624 mora
1105 1583 1235 1624 vertit
1268 1599 1418 1638 aquas,

238 1642 486 1696 Candidior,
518 1643 631 1696 quod
661 1643 798 1683 adhuc
831 1642 992 1696 spumis
1026 1642 1305 1683 stridentibus
1338 1642 1452 1683 albet

298 1701 356 1742 Et
387 1701 513 1742 modo
548 1701 768 1754 siccatam,
798 1701 927 1754 lacte,
957 1700 1131 1754 reliquit
1164 1715 1296 1741 ovem.

187 1771 218 1794 15
238 1760 402 1800 Taurus
435 1762 526 1800 erat
558 1773 698 1800 comes
730 1759 849 1813 huic,
879 1758 1062 1799 feliciter
1092 1759 1164 1799 ille
1196 1758 1394 1813 maritus,

298 1816 489 1871 Cumque
523 1832 600 1858 sua
630 1820 821 1858 teneram
854 1817 1034 1872 coniuge
1066 1817 1223 1871 pressit
1254 1817 1442 1858 humum.

238 1876 353 1917 Dum
382 1876 494 1917 iacet
526 1879 568 1916 et
598 1876 712 1916 lente
744 1878 965 1916 revocatas
998 1876 1186 1916 ruminat
1217 1875 1371 1916 herbas

297 1934 439 1987 Atque
471 1934 629 1975 iterum
659 1936 784 1988 pasto
815 1934 1007 1988 pascitur
1040 1937 1138 1974 ante
1171 1933 1285 1985 cibo,

238 1992 368 2033 Visus
402 1996 513 2046 erat,
545 2007 694 2033 somno
726 1993 837 2033 vires
870 1992 1081 2033 adimente
1113 1992 1292 2043 ferendi,

186 2062 219 2087 20
298 2050 579 2104 Cornigerum
611 2054 725 2092 terra
757 2051 1003 2105 deposuisse
1036 2053 1174 2104 caput.

238 2108 335 2149 Huc
366 2108 531 2149 levibus
565 2110 711 2150 cornix
742 2109 884 2163 pimiis
917 2109 1090 2162 delapsa
1119 2123 1194 2162 per
1227 2122 1349 2149 auras

297 2166 429 2207 Venit
460 2169 502 2206 et
532 2166 577 2206 in
607 2167 732 2207 viridi
765 2167 934 2222 garrula
967 2167 1076 2208 sedit
1106 2166 1237 2207 humo

239 2225 403 2278 Terque
435 2224 557 2265 bovis
588 2225 735 2265 niveae
767 2225 980 2279 petulanti
1010 2228 1185 2279 pectora
1216 2227 1356 2265 rostro

299 2282 428 2323 Fodit
459 2285 501 2323 et
534 2282 716 2323 albentis
749 2283 929 2324 abstulit
962 2298 1032 2324 ore
1064 2283 1198 2323 iubas.

188 2354 220 2378 25
240 2341 321 2382 Illa
351 2341 493 2382 locum
524 2343 779 2395 taurumque
812 2341 883 2382 diu
915 2344 1115 2383 cunctata
1146 2340 1367 2395 relinquit,
