1674 2662
446 134 524 169 XV.
552 134 680 180 [XVI]
708 133 869 168 PARIS
897 144 1058 169 190—263.
1346 133 1425 174 137

20 241 70 267 225
90 230 272 271 Lumina
304 229 502 283 demitto,
535 244 630 271 cum
662 232 703 270 te
735 232 852 270 tenet
885 229 1019 270 artius
1050 228 1140 279 ille,

149 287 312 330 Crescit
344 292 386 329 et
414 288 551 328 invito
583 288 724 329 lentus
754 288 800 328 in
833 301 903 329 ore
936 287 1067 328 cibus.

92 345 224 401 Saepe
257 347 351 388 dedi
384 346 569 401 gemitus
601 349 644 387 et
674 349 735 400 te,
765 346 942 400 lasciva,
971 345 1118 387 notavi

148 405 198 445 In
232 405 395 460 gemitu
426 405 560 446 risum
590 419 677 445 non
708 404 896 445 tenuisse
928 418 1042 458 meo3
1379 414 1430 438 230

92 462 225 518 Saepe
257 477 373 504 mero
405 463 522 504 volui
553 463 769 504 flammam
802 476 1071 517 conpescere,
1107 464 1151 502 at
1180 461 1255 502 illa

21 532 71 558 230
150 520 311 575 Crevit,
343 524 384 562 et
416 521 599 562 ebrietas
630 521 744 576 ignis
776 521 821 561 in
851 521 950 575 igne
981 520 1083 574 fuit,

90 579 310 634 Multaque
341 594 394 620 ne
426 579 611 634 videam,
641 594 764 620 versa
795 579 956 620 cervice
987 578 1209 633 recumbo,

151 636 233 679 Sed
264 652 437 679 revocas
471 638 616 679 oculos
647 637 843 691 protinus
875 638 970 691 ipsa
1002 651 1129 678 meos.

91 695 201 744 Quid
232 696 404 751 faciam,
436 696 602 737 dubito:
636 696 756 736 dolor
787 698 852 736 est
883 710 1002 736 meus
1034 695 1109 736 illa
1138 694 1298 749 videre,
1380 705 1431 730 235

151 753 233 795 Sed
264 755 384 795 dolor
417 769 440 795 a
470 754 578 795 facie
610 754 746 795 maior
778 754 926 795 abesse
958 757 1043 794 tua.

22 824 72 848 235
93 812 185 861 Qua
215 812 316 854 licet
348 816 390 853 et
420 827 614 866 possum,
646 813 786 853 luctor
818 812 953 853 celare
984 811 1190 865 furorem,

152 870 234 911 Sed
265 874 410 911 tamen
441 874 617 924 apparet
650 870 945 911 dissimulatus
978 884 1116 923 amor,

91 928 180 970 Nec
212 928 293 969 tibi
325 929 453 969 verba
485 929 651 969 damus:
684 929 815 969 sentis
848 942 942 968 mea
973 928 1167 982 vulnera,
1199 927 1349 981 sentis3

149 987 292 1040 Atque
324 987 489 1027 utinam
523 986 603 1027 soli
636 986 721 1027 sint
753 1001 802 1027 ea
833 990 936 1026 nota
968 986 1065 1026 tibi!
1381 997 1432 1021 240

95 1046 146 1086 A!
181 1045 378 1098 quotiens
410 1044 597 1086 lacrimis
629 1044 900 1085 venientibus
934 1058 1008 1084 ora
1040 1043 1203 1099 reflexi,

22 1115 71 1140 240
149 1102 215 1144 Ne
248 1118 420 1144 causam
451 1103 577 1146 fletus
611 1105 833 1156 quaereret
863 1102 935 1143 ille
967 1102 1068 1157 mei3

92 1163 146 1203 A!
181 1162 377 1215 quotiens
410 1161 596 1215 aliquem
626 1161 795 1202 narravi
826 1163 953 1214 potus
986 1174 1192 1214 amorem,

151 1220 219 1260 Ad
249 1220 392 1260 vultus
424 1219 611 1259 referens
645 1219 814 1273 singula
845 1219 974 1259 verba
1004 1221 1123 1272 tuos,

91 1278 386 1331 Indiciumque
419 1277 502 1318 mei
532 1277 634 1318 ficto
667 1277 745 1317 sub
777 1277 948 1317 nomine
981 1276 1078 1317 feci!
1382 1287 1433 1312 245

154 1336 230 1376 Ille
263 1350 361 1390 ego,
394 1336 430 1376 si
460 1335 618 1389 nescis,
649 1349 772 1375 verus
805 1338 972 1375 amator
1004 1349 1136 1388 eram3

24 1406 74 1431 245
95 1394 207 1443 Quin
239 1395 387 1448 etiam,
418 1397 467 1434 ut
498 1407 668 1447 possem
699 1393 840 1433 verbis
872 1392 1135 1446 petulantius
1166 1392 1248 1446 uti,

151 1452 252 1493 Non
283 1452 413 1493 semel
445 1452 627 1492 ebrietas
660 1454 725 1492 est
757 1451 958 1492 simulata
989 1450 1106 1491 mihi.

94 1511 270 1552 Prodita
301 1514 418 1564 sunt,
450 1510 642 1563 memini,
675 1509 820 1550 tunica
851 1512 926 1550 tua
957 1512 1131 1563 pectora
1162 1508 1258 1549 laxa

152 1569 295 1622 Atque
328 1568 461 1609 oculis
495 1568 657 1609 aditum
687 1568 801 1609 nuda
833 1568 981 1608 dedere
1013 1567 1140 1620 meis,
1383 1578 1435 1603 250

93 1627 275 1668 Pectora
305 1627 371 1667 vel
401 1627 518 1680 puris
549 1626 720 1667 nivibus
751 1626 818 1667 vel
849 1626 959 1667 lacte
991 1628 1193 1679 tuamque

25 1696 76 1721 250
154 1685 385 1739 Complexo
417 1688 598 1725 matrem
631 1684 875 1725 candidiora
906 1684 1021 1724 Iove:

96 1743 210 1783 Dum
242 1746 392 1797 stupeo
425 1743 527 1783 visis
561 1742 678 1798 (nam
711 1743 864 1797 pocula
896 1742 1007 1782 forte
1039 1739 1275 1796 tenebam),

155 1801 330 1842 Tortilis
363 1815 387 1841 a
418 1801 564 1855 digitis
596 1800 752 1842 excidit
783 1815 887 1841 ansa
918 1800 1039 1840 meis!

97 1858 252 1900 Oscula
284 1859 319 1900 si
350 1861 475 1899 natae
508 1858 700 1913 dederas,
731 1872 810 1913 ego
842 1858 1038 1912 protinus
1069 1857 1144 1898 illa
1383 1868 1434 1893 255

154 1917 408 1958 Hermiones
440 1920 586 1957 tenero
617 1917 755 1958 laetus
788 1917 840 1957 ab
868 1931 939 1957 ore
971 1915 1063 1956 tuli.

27 1986 77 2013 255
96 1975 155 2016 Et
186 1976 312 2016 modo
345 1975 571 2016 cantabam
601 1978 764 2016 veteres
797 1974 1020 2028 resupinus
1054 1987 1239 2028 amores,

155 2033 213 2074 Et
245 2034 371 2074 modo
403 2048 478 2087 per
508 2036 661 2073 nutum
693 2033 816 2087 signa
847 2032 1029 2087 tegenda
1061 2032 1231 2087 dabam3

96 2091 154 2132 Et
187 2092 392 2133 comitum
423 2091 601 2145 primas,
633 2089 865 2145 Clymenen
895 2090 1203 2145 Aethramque,
1233 2092 1404 2131 tuarum

155 2150 298 2190 Ausus
332 2164 425 2190 sum
455 2149 623 2190 blandis
654 2163 790 2203 nuper
822 2148 936 2189 adire
969 2148 1106 2203 sonis,
1383 2159 1435 2184 260

98 2207 212 2256 Quae
245 2207 351 2248 mihi
382 2222 469 2248 non
501 2207 632 2260 aliud,
664 2221 791 2261 quam
822 2206 1069 2261 formidare,
1099 2207 1267 2248 locutae

27 2276 78 2302 260
156 2266 327 2307 Orantis
359 2265 519 2306 medias
551 2265 771 2306 deseruere
801 2279 959 2319 preces.

96 2323 152 2364 Di
184 2324 390 2378 facerent,
419 2323 606 2378 pretium
637 2323 783 2378 magni
814 2323 1058 2364 certaminis
1091 2337 1224 2377 esses,
