1674 2662
74 156 203 191 XVIII.
226 156 404 202 [XVIIII]
425 156 533 191 HER.
560 165 720 191 206—210.
770 155 913 190 XVIIII.
936 155 1047 201 [XX]
1068 155 1137 191 AC.
1166 167 1272 191 1—05.
1326 158 1401 197 161

76 251 260 293 Dictatis
294 251 346 291 ab
379 265 428 291 eo
460 250 541 291 feci
574 250 789 304 sponsalia
819 249 959 290 verbis

23 320 58 346 80
136 308 425 361 Consultoque
457 308 519 348 fui
550 308 654 349 iuris
688 308 844 349 Amore
875 307 1002 348 vafer.

49 376 53 380 '
78 366 143 408 Sit
172 367 289 407 fraus
320 366 419 407 huic
450 366 564 407 facto
597 380 769 420 nomen,
800 365 998 418 dicarque
1031 365 1220 418 dolosus,

135 423 179 465 Si
210 427 353 465 tamen
385 427 467 477 est,
499 424 611 477 quod
643 438 775 478 ames,
806 423 913 464 velle
945 426 1087 463 tenere
1119 423 1257 464 dolus!

75 482 160 536 En,
190 482 346 523 iterum
378 482 516 523 scribo
550 482 758 535 mittoque
790 481 988 536 rogantia
1018 481 1162 521 verba:

132 540 282 581 Altera
311 540 426 580 fraus
458 539 562 580 haec
595 542 676 592 est,
709 540 902 593 quodque
935 539 1142 592 queraris,
1173 538 1316 579 habes.

22 607 56 633 ³5
77 596 122 638 Si
154 611 304 651 noceo,
336 597 448 651 quod
480 611 594 650 amo,
625 597 779 649 fateor,
811 597 900 637 sine
931 597 1013 636 fine
1044 596 1207 636 nocebo

132 655 274 709 Teque
305 659 464 709 petam:
498 669 645 696 caveas
677 658 724 695 tu
755 654 873 707 licet,
902 654 992 707 ipse
1023 657 1177 707 petam.

74 712 156 754 Per
188 713 351 767 gladios
385 713 457 753 alii
488 713 667 766 placitas
700 726 874 766 rapuere
906 712 1085 765 puellas:

135 770 302 825 Scripta
333 771 438 811 mihi
471 774 591 811 caute
623 770 767 811 littera
799 770 958 811 crimen
989 769 1098 810 erit?

75 828 130 869 Di
162 829 338 883 faciant,
368 828 530 882 possim
561 828 703 882 plures
734 828 935 881 inponere
966 828 1119 880 nodos,

21 897 55 921 40
133 885 193 927 Ut
223 889 297 927 tua
328 886 384 927 sit
414 886 532 927 nulla
561 886 697 926 libera
726 888 846 939 parte
877 885 996 925 fides!

74 943 191 984 Mille
223 944 309 984 doli
340 946 519 984 restant:
553 944 660 984 clivo
694 944 893 984 sudamus
924 943 970 982 in
999 942 1104 996 imo,

131 1001 271 1042 Ardor
300 1001 568 1055 inexpertum
598 1001 659 1041 nil
691 1002 800 1041 sinet
833 1015 923 1041 esse
955 1014 1085 1040 meus.

76 1057 140 1100 Sit
172 1059 364 1113 dubium,
394 1059 587 1113 possisne
619 1059 731 1112 capi,
762 1059 987 1112 captabere
1019 1060 1149 1098 certe:

131 1117 285 1158 Exitus
317 1117 362 1157 in
393 1117 456 1157 dis
489 1120 571 1171 est,
603 1117 676 1157 sed
706 1116 870 1170 capiere
902 1119 1056 1156 tamen.

20 1185 54 1210 45
74 1173 134 1215 Ut
164 1177 329 1228 partem
361 1174 558 1229 effugias,
588 1189 675 1214 non
706 1174 849 1215 omnia
878 1174 987 1214 retia
1017 1173 1157 1227 falles,

133 1231 247 1280 Quae
279 1231 376 1284 tibi,
408 1246 535 1285 quam
567 1232 720 1286 credis,
749 1231 873 1285 plura
903 1231 1086 1272 tetendit
1117 1232 1267 1285 Amor,

75 1289 119 1330 Si
150 1304 237 1331 non
267 1289 491 1344 proficient
523 1293 653 1343 artes,
682 1289 898 1330 veniemus
932 1289 984 1329 ad
1015 1304 1150 1342 arma,

133 1347 265 1401 Inque
298 1348 361 1388 tui
393 1347 544 1401 cupido
577 1350 702 1401 rapta
731 1347 864 1387 ferere
897 1347 1003 1387 sinu.

74 1403 173 1446 Non
205 1420 316 1459 sum,
348 1405 420 1459 qui
453 1405 612 1445 soleam
642 1404 807 1445 Paridis
839 1404 1143 1457 reprehendere
1174 1403 1353 1458 factum,

20 1473 54 1498 ⁵0
131 1463 221 1504 Nec
254 1476 525 1516 quemquam,
557 1462 629 1516 qui
660 1463 742 1516 vir,
771 1466 917 1516 posset
947 1465 995 1502 ut
1027 1476 1136 1515 esse,
1166 1462 1265 1515 fuit,

73 1520 164 1561 Nos
197 1535 363 1574 quoque
393 1545 441 1549 —
472 1521 544 1561 sed
575 1521 712 1561 taceo!
751 1534 865 1561 mors
902 1520 1028 1560 huius
1065 1533 1203 1573 poena
1233 1520 1405 1573 rapinae

131 1577 191 1618 Ut
223 1578 296 1632 sit,
326 1578 424 1632 erit,
455 1592 582 1631 quam
613 1581 654 1618 te
685 1592 773 1618 non
802 1577 1020 1631 habuisse,
1051 1578 1206 1631 minor,

73 1636 162 1677 Aut
193 1650 306 1677 esses
337 1636 526 1677 formosa
557 1636 715 1690 minus,
745 1639 934 1689 peterere
966 1635 1172 1676 modeste:

130 1693 324 1735 Audaces
355 1694 462 1735 facie
494 1694 687 1748 cogimur
718 1707 808 1734 esse
840 1696 926 1734 tua.

20 1760 54 1786 5⁵
73 1751 136 1791 Tu
166 1751 272 1792 facis
303 1751 383 1792 hoo
416 1751 609 1804 oculique
640 1751 722 1805 tui,
753 1751 905 1804 quibus
936 1751 1063 1805 ignea
1094 1751 1247 1791 cedunt

133 1807 296 1862 Sidera,
328 1808 399 1861 qui
429 1809 624 1849 flammae
657 1824 784 1850 causa
813 1809 929 1849 fuere
961 1822 1096 1863 meae3

73 1865 167 1907 Hoc
198 1866 360 1908 faciunt
390 1866 489 1907 flavi
521 1867 656 1907 crines
689 1870 731 1907 et
763 1867 947 1907 eburnea
979 1867 1136 1919 cervix,

133 1923 348 1977 Quaeque,
378 1938 545 1978 precor,
575 1924 748 1964 veniant
777 1924 822 1964 in
853 1939 946 1964 mea
978 1924 1087 1964 colla
1118 1938 1287 1978 manus,

73 1981 131 2022 Et
163 1982 287 2023 decor
319 1985 361 2022 et
393 1984 534 2023 motus
568 1982 656 2022 sine
688 1981 927 2022 rusticitate
958 1982 1183 2035 pudentes,

21 2049 55 2074 60
132 2039 205 2093 Et,
236 2039 427 2079 Thetidis
460 2039 596 2092 qualis
627 2039 697 2079 vix
727 2054 821 2080 rear
852 2053 961 2093 esse,
991 2039 1136 2094 pedes3

75 2095 225 2137 Cetera
257 2097 293 2137 si
323 2111 494 2150 possem
524 2097 714 2150 laudare,
744 2097 910 2137 beatior
941 2111 1095 2151 essem,

132 2153 221 2194 Nec
253 2154 420 2208 dubito,
450 2157 591 2195 totum
623 2155 725 2208 quin
757 2154 838 2195 sibi
868 2169 945 2208 par
977 2155 1033 2195 sit
1065 2169 1181 2208 opus.

72 2211 164 2252 Hac
197 2225 275 2266 ego
308 2212 554 2266 conpulsus,
584 2226 671 2252 non
702 2215 766 2252 est
797 2212 1008 2267 mirabile,
1038 2212 1176 2254 forma

132 2268 177 2309 Si
208 2269 363 2323 pignus
389 2270 504 2310 volui
535 2270 650 2311 vocis
681 2269 836 2310 habere
868 2273 984 2323 tuae,

19 2337 53 2362 6⁵
73 2326 282 2381 Denique,
314 2327 413 2368 dum
444 2330 613 2382 captam
644 2330 691 2368 tu
723 2330 764 2368 te
797 2342 949 2383 cogare
980 2328 1124 2383 fateri,

143 2401 232 2427 Οτι».
261 2401 285 2425 1.
1078 2402 1116 2431 11
