1690 2656
289 132 374 173 194
746 132 847 167 ARS
874 132 1175 168 AMATORIA.

345 227 561 282 Factaque
595 231 718 268 erunt
749 227 945 268 dominae
977 228 1173 282 dictaque
1204 232 1307 270 nota
1338 229 1486 282 tibi.]*

289 284 370 326 Sed
401 286 507 326 bene
541 286 716 326 celetur!
756 286 862 326 bene
896 286 932 326 si
964 286 1172 327 celabitur
1203 286 1345 342 index,

345 343 537 384 Notitiae
571 344 733 384 suberit
765 358 930 398 semper
962 344 1098 385 amica
1128 347 1238 386 tuae.

286 401 496 455 Tempora
529 402 601 455 qui
634 402 736 443 solis
770 416 949 456 operosa
981 403 1219 444 colentibus
1251 418 1368 458 arva,

214 470 267 495 400
345 459 546 513 Fallitur,
579 463 620 500 et
650 461 794 501 nautis
827 461 1097 515 adspicienda
1127 464 1269 515 putat,

286 517 375 558 Nec
410 532 575 572 semper
607 519 814 560 credenda
846 517 971 559 Ceres
1004 519 1228 560 fallacibus
1262 519 1391 573 arvis,

344 575 434 617 Nec
468 591 633 630 semper
664 577 789 617 viridi
822 591 1007 618 concava
1037 577 1192 631 puppis
1226 592 1377 632 aquae,

286 633 375 675 Nec
408 638 575 675 teneras
609 649 774 689 semper
805 638 948 676 tutum
981 638 1152 689 captare
1184 636 1364 689 puellas:

347 691 480 746 Saepe
513 693 612 733 dato
645 693 796 734 melius
828 697 1020 748 tempore
1051 694 1125 734 fiet
1155 694 1279 734 idem.

213 761 265 785 405
287 749 383 791 Sive
417 751 504 791 dies
539 751 701 792 suberit
731 752 906 804 natalis,
940 752 1026 793 sive
1058 752 1293 806 Kalendae,

345 808 457 857 Quas
489 809 700 850 Venerem
731 810 862 850 Marti
895 811 1165 851 continuasse
1197 811 1334 864 iuvat,

287 866 383 908 Sive
417 868 497 908 erit
531 871 724 921 ornatus,
755 883 858 921 non,
890 872 938 909 ut
968 869 1051 910 fuit
1083 872 1198 923 ante,
1230 868 1402 924 sigillis,

346 924 428 966 Sed
458 940 608 981 regum
639 926 803 980 positas
837 926 985 968 Circus
1016 927 1193 968 habebit
1226 941 1346 981 opes,

285 983 420 1024 Differ
453 985 575 1038 opus!
608 987 709 1025 tunc
741 985 878 1025 tristis
907 985 1092 1038 hiemps,
1123 988 1225 1026 tunc
1250 985 1418 1026 Pliades
1450 985 1627 1040 instant,

214 1052 266 1076 410
344 1042 461 1083 Tunc
494 1046 613 1083 tener
645 1057 853 1096 aequorea
887 1043 1094 1098 mergitur
1124 1043 1296 1084 Haedus
1330 1058 1449 1097 aqua.

286 1099 403 1141 Tunc
435 1101 541 1141 bene
575 1100 800 1155 desinitur,
831 1104 950 1155 tunc,
983 1101 1116 1155 siquis
1150 1102 1335 1142 creditur
1368 1102 1474 1157 alto,

344 1158 430 1199 Vix
462 1159 601 1200 tenuit
630 1159 793 1200 lacerae
825 1159 1034 1214 naufraga
1066 1160 1257 1200 membra
1289 1159 1405 1201 ratis.

286 1217 349 1257 Tu
380 1217 481 1258 licet
511 1217 711 1271 incipias,
744 1232 825 1271 qua
857 1218 1012 1258 flebilis
1045 1217 1160 1258 Allia
1190 1218 1283 1259 luce

343 1274 604 1316 Vulneribus
636 1275 773 1316 Latiis
807 1275 1137 1330 sanguinulenta
1168 1276 1269 1331 fuit,

213 1344 265 1369 415
288 1333 461 1386 Quaque
494 1334 559 1374 die
590 1334 768 1375 redermt
799 1334 926 1375 rebus
958 1334 1098 1375 minus
1132 1338 1232 1388 apta
1263 1335 1458 1390 gerendis

345 1392 470 1433 Culta
501 1391 746 1433 Palaestino
780 1393 962 1446 septima
993 1392 1103 1433 festa
1136 1391 1255 1447 Syro.

284 1449 443 1504 Magna
476 1450 724 1504 superstitio
758 1451 837 1491 tibi
871 1451 927 1491 sit
957 1451 1114 1492 natalis
1148 1451 1328 1506 amicae,

344 1507 519 1561 Quaque
553 1509 713 1563 aliquid
745 1509 990 1562 dandumst,
1020 1509 1095 1550 illa
1127 1509 1183 1550 sit
1216 1513 1307 1550 atra
1340 1510 1439 1550 dies.

285 1565 393 1607 Cum
426 1567 531 1607 bene
564 1567 730 1621 vitaris,
761 1571 906 1608 tamen
938 1567 1115 1608 auferet:
1147 1567 1311 1608 invenit
1343 1571 1477 1609 artem

212 1635 265 1660 420
343 1624 538 1679 Femina,
571 1640 653 1678 qua
685 1626 826 1679 cupidi
859 1628 1005 1679 carpat
1037 1626 1220 1666 amantis
1254 1640 1365 1679 opes.

282 1682 463 1724 Institor
495 1684 547 1724 ad
580 1683 796 1724 dominam
827 1684 968 1724 veniet
1001 1683 1231 1725 discinctus
1265 1698 1452 1725 emacem

341 1741 551 1795 Expediet
582 1756 743 1782 merces
775 1744 899 1796 teque
933 1742 1103 1782 sedente
1137 1757 1253 1797 suas,

283 1798 395 1847 Quas
428 1799 502 1840 illa
533 1799 755 1853 inspicias,
788 1814 933 1853 sapere
967 1803 1013 1840 ut
1045 1799 1231 1854 videare,
1262 1800 1447 1855 rogabit,

341 1857 495 1898 Oscula
529 1858 677 1898 deinde
709 1858 844 1912 dabit,
877 1858 1024 1898 deinde
1057 1859 1247 1913 rogabit,
1285 1873 1411 1899 emas.

211 1926 263 1950 425
283 1915 375 1956 Hoc
408 1915 497 1956 fore
531 1918 776 1957 contentam
808 1916 966 1957 multos
992 1916 1152 1957 iurabit
1183 1917 1229 1957 in
1261 1931 1413 1971 annos,

340 1973 464 2014 Nunc
499 1988 604 2027 opus
638 1988 728 2015 esse
763 1974 863 2027 sibi,
892 1989 1004 2015 1111110
1036 1975 1142 2015 bene
1176 1975 1286 2016 dicet
1320 1975 1421 2029 emi3

284 2029 327 2071 Si
360 2045 446 2072 non
479 2046 569 2073 esse
602 2032 734 2086 domi,
767 2047 872 2085 quos
905 2033 995 2085 des,
1030 2033 1257 2074 causabere
1288 2047 1506 2088 nummos,

341 2089 506 2130 Littera
537 2094 756 2145 poscetur,
786 2105 838 2131 ne
871 2090 1066 2131 didicisse
1100 2091 1225 2131 iuvet.

284 2146 411 2201 Quid,
445 2148 565 2200 quasi
597 2149 730 2189 natali
763 2163 859 2189 cum
890 2149 1029 2203 poscit
1062 2164 1237 2190 munera
1267 2149 1355 2189 libo

211 2216 264 2241 41³0
343 2205 418 2259 Et,
451 2206 648 2258 quotiens
682 2221 787 2260 opus
821 2210 903 2261 est,
933 2207 1124 2248 nascitur
1154 2207 1228 2248 illa
1261 2207 1371 2248 sibi?

284 2262 412 2317 Quid,
446 2278 540 2304 cum
573 2264 764 2306 mendaci
798 2265 950 2305 damno
984 2265 1270 2306 maestissima
1300 2265 1459 2319 plorat,

341 2321 610 2375 Elapsusque
644 2337 746 2363 cava
776 2323 954 2377 fingitur
986 2338 1084 2364 aure
1117 2323 1254 2377 lapis?
