1674 2662
651 160 676 203 I,
702 169 754 195 324
768 180 810 185 -
825 170 885 195 395.
1353 162 1430 203 193

96 252 216 294 Mens
248 253 329 295 erit
360 257 459 308 apta
491 254 584 308 capi
616 257 726 309 tum,
757 269 853 296 cum
883 254 1120 296 laetissima
1149 270 1290 297 rerum

27 323 78 349 seo
154 310 214 353 Ut
246 326 366 367 seges
397 312 443 352 in
473 312 623 366 pingui
655 313 888 354 luxuriabit
917 313 1066 368 hum03

96 369 276 411 Pectora
307 370 407 411 dum
439 370 625 425 gaudent
655 385 732 412 nec
764 367 864 412 sunt
895 371 1097 412 adstricta
1128 372 1290 426 dolore,

154 427 254 482 Ipsa
283 431 448 482 patent:
484 428 639 469 blanda
670 432 761 469 tum
795 429 910 470 subit
942 432 1031 470 arte
1056 428 1220 485 Venus3

0 452 5 583 Ι
97 485 224 540 Tum,
255 500 351 527 cum
382 485 519 527 tristis
551 490 660 540 erat,
691 486 906 528 defensast
937 487 1040 528 Ilios
1073 488 1219 529 armis:

154 543 366 585 Militibus
398 544 619 599 gravidum
650 544 763 586 laeta
792 545 952 599 recepit
983 560 1149 600 equum.

27 613 77 639 365
96 601 205 642 Tum
237 616 403 655 quoque
435 603 742 657 temptandast,
779 617 874 644 cum
908 603 1067 657 paelice
1105 604 1219 645 laesa
1252 603 1428 644 dolebit:

155 659 263 700 Tum
293 659 423 701 facies
455 675 600 714 opera,
629 675 681 701 ne
714 661 770 702 sit
800 661 955 715 inulta,
986 664 1070 702 tua.

97 717 218 759 Hanc
250 718 484 759 matutinos
515 722 688 773 pectens
720 719 874 760 ancilla
905 719 1079 773 capillos

0 783 5 821 Ι
154 775 311 817 Incitet
342 779 385 817 et
416 776 509 817 velo
541 776 714 831 remigis
747 777 874 818 addat
909 791 1033 831 opem

96 834 155 875 Et
186 848 329 875 secum
361 834 477 875 tenui
509 835 725 889 suspirans
757 849 971 876 murmure
1003 835 1133 876 dicat:

26 903 78 927 370
157 891 249 946 (Αἰ,
279 895 404 946 puto,
432 905 519 932 non
549 896 720 946 poteras
752 893 845 946 ipsa
870 893 1025 934 referre
1057 892 1218 934 vicem?

97 949 205 990 Tum
237 950 286 990 de
318 953 360 990 te
390 953 552 1004 narret,
583 953 675 991 tum
704 951 1004 1004 persuadentia
1034 952 1163 992 verba

155 1007 297 1048 Addat
328 1010 370 1048 et
399 1007 550 1048 insano
582 1008 693 1048 iuret
724 1022 866 1049 amore
898 1009 1017 1049 mori.

98 1064 181 1106 Sed
210 1076 408 1120 propera,
436 1080 489 1106 ne
520 1065 613 1106 vela
644 1066 796 1107 cadant
827 1080 1036 1120 auraeque
1068 1066 1270 1108 residant:

154 1121 214 1164 Ut
245 1123 410 1179 fragilis
443 1123 619 1178 glacies,
648 1124 797 1165 interit
826 1124 891 1165 ira
922 1139 1051 1166 mora.

25 1192 77 1218 375
97 1180 292 1235 Quaeris,
323 1196 377 1222 an
406 1180 516 1223 hanc
547 1181 684 1236 ipsam
714 1182 851 1236 prosit
882 1182 1040 1224 violare
1071 1182 1340 1224 ministram?

154 1238 329 1279 Talibus
362 1239 556 1280 admissis
583 1239 675 1280 alea
707 1240 878 1294 grandis
908 1240 1032 1282 inest.

96 1296 212 1338 Haec
245 1311 270 1337 a
300 1296 529 1338 concubitu
559 1297 610 1338 fit
641 1298 804 1352 sedula,
834 1298 994 1339 tardior
1024 1298 1116 1353 illa3

155 1354 271 1396 Haec
303 1354 497 1395 dominae
527 1369 681 1396 munus
712 1358 754 1396 te
785 1359 926 1409 parat,
960 1356 1035 1396 illa
1067 1356 1160 1397 sibi.

98 1411 230 1454 Casus
262 1413 307 1453 in
338 1416 549 1453 eventust:
579 1412 681 1454 licet
711 1413 781 1454 hic
811 1414 1030 1469 indulgeat
1060 1415 1193 1468 ausis,

26 1482 78 1508 :380
156 1469 391 1512 Consilium
422 1474 566 1511 tamen
597 1474 662 1512 est
693 1471 949 1512 abstinuisse
981 1486 1133 1513 meum.

97 1528 196 1570 Non
227 1543 306 1583 ego
337 1542 413 1583 per
442 1543 643 1583 praeceps
676 1532 718 1570 et
750 1532 874 1570 acuta
906 1530 1125 1571 cacumina
1155 1530 1324 1584 vadam,

155 1585 244 1628 Nec
275 1586 476 1628 iuvenum
507 1587 732 1641 quisquam
764 1602 829 1628 ine
862 1587 965 1628 duce
997 1590 1145 1642 captus
1178 1588 1268 1629 erit.

98 1643 144 1685 Si
175 1648 318 1686 tamen
348 1644 423 1686 illa
453 1644 553 1695 tibi,
584 1645 684 1685 dum
717 1645 788 1686 dat
819 1645 1052 1699 recipitque
1085 1646 1282 1700 tabellas,

157 1701 363 1757 Corpore,
393 1716 479 1743 non
510 1705 678 1744 tantum
711 1703 936 1744 sedulitate
967 1704 1125 1758 placet,

26 1772 78 1797 385
98 1759 183 1801 Fac
216 1760 386 1801 domina
416 1760 581 1814 potiare
611 1761 747 1815 prius,
779 1776 918 1802 comes
949 1762 1025 1802 illa
1055 1763 1271 1815 sequatur!

156 1817 255 1858 Non
286 1818 366 1859 tibi
399 1818 451 1859 ab
484 1818 680 1860 ancillast
709 1819 949 1873 incipienda
979 1819 1134 1860 Venus.

96 1875 190 1917 Hoc
221 1890 352 1916 unum
383 1889 553 1929 moneo,
585 1875 725 1929 siquid
756 1877 880 1918 modo
914 1877 1098 1918 creditur
1130 1877 1229 1932 arti,

154 1932 245 1975 Nec
270 1947 364 1974 mea
394 1933 508 1974 dicta
538 1948 669 1987 rapax
698 1948 773 1988 per
804 1949 918 1975 mare
950 1938 1099 1976 ventus
1133 1935 1239 1990 agit:

97 1991 186 2032 Aut
217 2005 304 2032 non
334 1991 557 2045 temptaris
590 1995 663 2032 aut
692 1992 863 2046 perfice!
894 1993 1062 2034 tollitur
1091 1993 1233 2047 index,

28 2060 79 2085 390
158 2049 266 2091 Cum
298 2049 427 2090 semel
457 2049 503 2090 in
532 2052 697 2103 partem
730 2050 918 2091 criminis
948 2050 1043 2104 ipsa
1072 2051 1206 2105 venit3

98 2106 198 2148 Non
230 2107 318 2148 avis
348 2107 512 2148 utiliter
543 2107 716 2148 viscatis
749 2108 898 2163 effugit
934 2109 1032 2163 alis,

155 2163 254 2206 Non
284 2166 390 2206 bene
423 2165 472 2206 de
503 2165 610 2206 laxis
643 2165 833 2207 cassibus
866 2166 952 2207 exit
983 2181 1093 2221 aper.

99 2221 276 2264 Saucius
309 2226 476 2276 arrepto
508 2222 636 2276 piscis
668 2226 862 2264 teneatur
894 2224 947 2265 ab
978 2224 1123 2266 hamo:

28 2291 80 2316 ³:³4
157 2279 374 2335 Perprime
405 2283 660 2335 temptatam
691 2295 767 2322 nec
798 2281 882 2322 nisi
913 2282 1050 2324 victor
1082 2283 1167 2324 abi!

66 2337 236 2389 *[Tunc
266 2352 402 2393 neque
433 2341 475 2379 te
505 2339 655 2393 prodet
686 2340 899 2381 communi
929 2341 1057 2382 noxia
1088 2341 1228 2395 culpa,

169 2412 258 2438 Ovm.
277 2413 302 2438 Ι.
1103 2413 1146 2443 13
