1690 2656
302 146 387 188 192
759 144 860 178 ARS
886 143 1192 179 AMATORIA.

358 241 510 282 Altera
543 240 656 294 quod
688 240 766 280 bos
799 241 882 293 est,
914 239 1049 279 altera
1078 242 1201 280 vecta
1231 239 1352 280 bove.

230 311 280 337 32⁵
300 299 423 340 Hanc
456 303 600 340 tamen
630 297 827 352 inplevit,
859 311 987 338 vacca
1019 297 1220 351 deceptus
1253 311 1422 351 acerna,

359 358 457 398 Dux
490 356 651 411 gregis,
684 358 725 396 et
759 358 889 421 partu
920 355 1116 409 proditus
1150 358 1299 397 auctor
1331 359 1432 397 erat.

302 415 454 458 Cressa
486 415 700 469 Thyesteo
735 414 770 455 si
804 428 847 455 se
880 413 1161 454 abstinuisset
1193 428 1355 469 amore,

361 474 437 514 Et
469 475 720 527 quantumst
750 487 834 513 uno
867 486 991 526 posse
1025 472 1159 513 6611616
1192 471 1321 527 virol)

300 516 401 573 Non
432 531 619 573 medium
650 530 836 596 rupisset
868 531 950 571 iter
982 545 1191 584 curruque
1223 522 1386 571 letorto

231 603 282 628 330
359 590 575 631 Auroram
606 589 740 630 versis
772 589 971 630 Phoebus
1005 589 1164 629 adisset
1196 589 1327 643 equis.

300 648 411 689 Filia
442 662 679 703 purpureos
712 647 820 688 Niso
852 647 995 688 furata
1028 647 1204 701 capillos

331 706 511 758 *[Huno
542 706 713 754 hostem
738 706 903 760 patitur
935 720 1031 746 cum
1064 705 1239 759 reliquis
1272 705 1433 746 avibus.

301 765 451 806 Altera
485 764 628 819 Scylla
664 778 823 805 novum
856 762 999 805 Circes
1032 763 1311 804 medicamine
1349 765 1645 816 monstrum]*

360 823 478 864 Pube
510 823 666 877 premit
698 823 869 876 rapidos
902 822 1236 877 inguinibusque
1269 836 1405 863 canes.

302 881 383 930 Qui
416 881 599 922 Martem
630 884 763 935 terra,
794 880 1043 935 Neptunum
1077 881 1228 935 effugit
1258 880 1304 921 in
1334 880 1477 935 undis,

361 939 567 994 Coniugis
600 939 773 980 Atrides
805 939 980 980 victima
1012 939 1103 980 dira
1134 939 1228 980 fuit.

232 1011 283 1036 335
305 997 384 1039 Oui
416 1013 503 1038 non
535 998 731 1038 defletast
763 997 1014 1051 Ephyraeae
1046 998 1218 1038 flamma
1251 996 1433 1037 Creusae

361 1056 418 1096 Et
449 1070 551 1096 nece
583 1059 784 1096 natorum
815 1055 1146 1110 sanguinulenta
1177 1055 1363 1109 parens?

302 1114 443 1155 Flevit
474 1114 777 1168 Amyntorides
810 1129 884 1167 per
914 1114 1059 1154 inania
1090 1113 1252 1153 lumina
1283 1112 1492 1167 Phoenix3

360 1172 647 1226 Hippolytum
677 1172 820 1226 pavidi
852 1172 1089 1225 diripuistis
1122 1171 1229 1225 equi.

304 1231 414 1278 Quid
446 1231 556 1271 fodis
588 1230 820 1283 inmeritis,
851 1229 1034 1283 Phineu,
1067 1245 1143 1270 sua
1174 1229 1337 1270 lumina
1367 1229 1511 1271 natis?

234 1303 284 1327 340
363 1289 507 1329 Poena
540 1290 803 1329 reversurast
834 1288 880 1328 in
912 1291 1038 1342 caput
1070 1288 1155 1329 ista
1186 1291 1320 1329 tuum.

305 1347 459 1388 Omnia
490 1347 673 1388 feminea
706 1350 804 1387 sunt
836 1346 920 1387 ista
951 1346 1127 1387 libidine
1160 1350 1294 1387 mota:

362 1405 516 1447 Acrior
549 1408 614 1446 est
645 1408 793 1446 nostra
824 1405 1003 1459 plusque
1035 1404 1191 1445 furoris
1224 1405 1365 1446 habet.

304 1464 422 1519 Ergo
456 1478 553 1518 age,
583 1478 637 1504 ne
670 1463 819 1504 dubita
846 1466 1019 1504 cunctas
1054 1478 1227 1517 sperare
1253 1463 1434 1517 puellas!

363 1522 448 1563 Vix
481 1522 562 1562 erit
594 1537 615 1562 e
642 1522 808 1576 multis7
840 1536 947 1575 quae
978 1525 1125 1576 neget,
1156 1536 1241 1562 una
1272 1521 1364 1562 tibi.

236 1594 285 1618 345
307 1580 423 1629 Quae
444 1581 547 1621 dant
567 1595 757 1634 quaeque
777 1583 949 1634 negant,
971 1580 1156 1634 gaudent
1177 1583 1321 1620 tamen
1342 1594 1432 1620 esse
1453 1583 1646 1635 rogatae3

364 1639 424 1680 Ut
455 1639 542 1679 iam
573 1638 736 1679 fallaris
746 1673 756 1693 ,
790 1641 885 1679 tuta
915 1638 1086 1692 repulsa
1118 1641 1246 1678 tuast.

308 1696 389 1739 Sed
422 1712 495 1738 6111·
526 1696 708 1750 fallaris,
744 1711 839 1737 cum
872 1696 928 1736 sit
958 1710 1070 1737 nova
1102 1699 1224 1751 grata
1255 1696 1471 1750 voluptas,

365 1755 423 1796 Et
455 1755 626 1809 capiant
659 1754 822 1795 animos
854 1754 949 1808 plus
983 1754 1120 1794 aliena
1152 1754 1269 1795 suis?

307 1813 508 1855 Fertilior
541 1827 660 1867 seges
695 1816 758 1853 est
791 1812 940 1853 alienis
973 1827 1139 1866 semper
1169 1813 1214 1853 in
1247 1813 1379 1867 agris,

237 1885 286 1909 350
365 1871 650 1924 Vicinumque
682 1886 811 1925 pecus
845 1871 1046 1925 grandius
1079 1871 1184 1911 uber
1215 1871 1356 1912 habet.

308 1929 390 1971 Sed
421 1930 538 1984 prius
573 1929 770 1970 ancillam
804 1929 1037 1983 captandae
1068 1944 1195 1970 nosse
1226 1929 1392 1983 puellae

366 1986 479 2028 Cura
512 1988 584 2028 sit:
617 2002 811 2028 accessus
843 1987 1007 2028 molliet
1038 1988 1113 2027 illa
1144 1990 1260 2042 tuos3

307 2045 509 2086 Proxima
541 2046 730 2087 consiliis
762 2045 956 2086 dominae
991 2045 1046 2086 sit
1075 2049 1123 2085 ut
1153 2045 1245 2099 illa,
1276 2045 1435 2098 videto,

366 2103 482 2145 Neve
516 2119 667 2157 parum
699 2104 843 2145 tacitis
877 2104 1047 2145 conscia
1079 2104 1163 2144 fida
1193 2103 1318 2158 iocis3

238 2174 288 2199 355
308 2162 430 2202 Hanc
463 2165 510 2202 tu
541 2162 764 2216 pollicitis,
795 2162 903 2203 hanc
936 2165 983 2202 tu
1015 2176 1237 2216 corrumpe
1268 2162 1476 2216 rogando:

367 2219 489 2268 Quod
520 2221 650 2273 petis,
682 2235 731 2260 ex
763 2220 896 2271 facili,
929 2221 963 2261 81
995 2220 1109 2261 volet
1140 2220 1232 2273 11161,
1262 2219 1383 2260 feres.

308 2278 388 2318 Illa
420 2278 534 2332 leget
566 2281 733 2331 tempus
767 2279 937 2332 (medici
970 2293 1137 2332 quoque
1169 2282 1362 2332 tempora
1394 2276 1599 2333 servant),

368 2335 460 2385 Quo
492 2335 630 2376 facilis
664 2336 858 2377 dominae
890 2351 1007 2377 mens
1039 2337 1095 2377 sit
1126 2339 1168 2377 et
1200 2339 1300 2389 apta
1331 2335 1435 2389 capi.
