1674 2662
596 176 639 220 II,
666 189 698 219 v,
726 186 758 212 18
779 188 883 220 —v1,
909 186 952 211 27.
1403 179 1459 220 29

70 284 104 310 55
122 271 239 314 Haec
273 285 459 326 quoque,
491 286 618 325 quam
650 271 792 325 docui,
824 271 959 312 multo
992 271 1169 312 meliora
1200 272 1391 327 fuerunt,

180 330 238 372 Et
270 330 470 383 quiddam
502 330 636 371 visast
669 329 919 370 addidicisse
950 330 1061 370 novi.

123 388 244 438 Quod
274 388 456 429 nimium
486 388 701 442 placuere,
733 387 955 442 malumst,
987 388 1100 441 quod
1131 391 1225 429 tota
1255 388 1422 430 labellis

179 446 348 502 Lingua
379 449 497 487 tuast
527 445 706 499 nostris,
736 449 885 487 nostra
917 449 1088 500 recepta
1118 446 1215 487 tuis.

122 504 212 546 Nec
245 508 389 546 tamen
420 504 501 545 hoc
533 519 665 544 unum
697 504 839 558 doleo,
869 518 957 545 non
989 504 1133 546 oscula
1163 508 1334 546 tantum

68 575 102 600 60
180 563 332 604 Iuncta
357 576 528 616 queror,
560 562 753 615 quamvis
784 562 889 604 11366
917 577 1083 616 quoque
1111 563 1258 604 iuncta
1290 577 1459 617 queror:

121 621 200 662 Illa
231 621 315 662 nisi
345 620 392 661 in
421 620 532 661 lecto
564 635 776 674 nusquam
807 624 984 675 potuere
1017 621 1168 662 doceri.

178 678 336 721 Nescio
370 678 464 734 quis
495 679 683 733 pretium
715 679 873 734 grande
906 679 1112 734 magister
1142 679 1284 720 habet.

49 853 355 907 VLPsittacus,
385 853 490 894 Eois
521 853 731 894 imitatrix
764 852 849 893 ales
883 853 935 893 ab
967 853 1103 907 Indis,

179 911 360 953 Occidit:
394 911 591 965 exequias
623 911 682 952 ite
714 910 975 965 frequenter,
1007 925 1124 965 aves3

119 970 203 1023 Ite,
233 970 328 1024 piae
360 970 571 1023 volucres,
603 973 645 1010 et
675 968 867 1023 plangite
898 972 1073 1022 pectora
1104 969 1247 1023 pinnis

177 1028 235 1069 Et
268 1027 406 1083 rigido
438 1030 606 1068 teneras
639 1041 780 1082 ungue
811 1029 960 1067 notate
994 1041 1142 1082 genas3

84 1099 100 1124 5
120 1086 305 1127 Horrida
335 1100 412 1140 pro
445 1085 619 1127 maestis
650 1085 836 1126 lanietur
867 1085 1013 1139 pluma
1046 1085 1230 1139 capillis,

177 1144 260 1185 Pro
291 1145 421 1199 longa
452 1146 652 1185 resonent
685 1143 873 1184 carmina
904 1146 1046 1184 vestra
1077 1144 1199 1184 tuba!

119 1202 241 1251 Quod
273 1203 410 1244 scelus
441 1202 611 1243 Ismarii
644 1201 850 1255 quereris,
880 1201 1137 1256 Philomela,
1168 1202 1359 1256 tyranni,

177 1261 403 1315 Expletast
437 1260 557 1301 annis
589 1260 674 1301 ista
707 1259 878 1314 querela
912 1260 1017 1313 suis3

118 1319 249 1361 Alitis
281 1319 326 1359 111
357 1333 476 1359 rarae
508 1318 712 1359 miserum
745 1318 959 1358 devertere
991 1317 1136 1358 funus:

67 1389 99 1414 10
177 1377 353 1432 Magna,
386 1376 458 1417 sed
490 1376 709 1430 antiquast
741 1390 867 1416 causa
900 1375 1057 1416 doloris
1090 1375 1193 1429 Itys.

119 1434 294 1489 Omnes,
326 1449 433 1488 quae
465 1434 628 1488 liquido
660 1434 829 1474 libratis
860 1434 906 1474 in
938 1448 1032 1474 aere
1065 1448 1231 1488 cursus,

177 1493 241 1534 Tu
272 1496 416 1534 tamen
448 1496 545 1533 ante
579 1492 702 1546 alios,
734 1494 876 1532 turtur
908 1492 1060 1545 amice,
1091 1492 1201 1533 dole!

118 1551 249 1593 Plena
280 1551 362 1592 fuit
394 1551 516 1592 vobis
550 1551 665 1591 omni
697 1550 922 1591 concordia
953 1550 1061 1604 vita,

177 1610 235 1651 Et
267 1610 388 1650 stetit
421 1610 473 1650 ad
503 1610 631 1650 finem
661 1609 792 1663 longa
823 1612 1034 1662 tenaxque
1065 1608 1187 1648 fides:

67 1679 99 1705 15
120 1667 242 1717 Quod
273 1668 355 1709 fuit
387 1668 592 1722 Argolico
623 1667 788 1708 iuvenis
821 1666 1014 1708 Phoceus
1047 1665 1241 1720 Orestae,

177 1726 271 1767 Hoc
303 1726 404 1780 tibi,
437 1726 536 1767 dum
567 1726 707 1780 licuit,
737 1725 938 1790 psittace,
969 1727 1112 1765 turtur
1144 1728 1246 1765 erat.

120 1784 229 1833 Quid
260 1787 405 1825 tamen
434 1784 519 1825 ista
549 1784 672 1838 fides,
704 1783 805 1838 quid
836 1783 922 1824 rari
952 1783 1091 1823 forma
1123 1782 1297 1837 coloris,

178 1842 290 1891 Quid
320 1856 402 1883 vox
433 1842 648 1882 mutandis
678 1842 903 1896 ingeniosa
936 1841 1069 1894 sonis,

121 1900 230 1950 Quid
260 1901 398 1954 iuvat,
429 1903 477 1941 ut
509 1900 632 1940 datus
665 1914 727 1954 es,
728 1878 929 1940 ”nostrae
961 1898 1172 1952 placuisse
1203 1898 1398 1952 puellae?

65 1970 100 1995 20
177 1958 348 2012 Infelix,
381 1959 522 1999 avium
555 1957 708 2013 gloria,
739 1972 891 2011 nempe
922 1957 1052 1998 iaces!

119 2017 183 2058 Tu
213 2020 384 2071 poteras
417 2016 592 2071 fragiles
624 1991 766 2069 pinnis
799 2015 1000 2056 hebetare
1032 2014 1283 2069 zmaragdos

177 2075 329 2116 Tincta
361 2088 511 2129 gerens
543 2074 672 2114 rubro
705 2073 866 2114 Punica
898 2076 1039 2113 rostra
1070 2086 1204 2114 croco.

119 2132 219 2174 Non
249 2133 332 2173 fuit
363 2133 408 2173 in
438 2132 564 2173 terris
597 2146 750 2173 vocum
782 2131 1051 2172 simulantior
1083 2130 1186 2172 ales:

176 2191 400 2231 Reddebas
431 2190 577 2231 blaeso
609 2193 699 2230 tam
731 2190 837 2230 bene
868 2189 998 2230 verba
1029 2190 1151 2230 sono!

67 2260 100 2285 25
120 2249 286 2303 Raptus
319 2263 363 2289 es
394 2248 570 2289 invidia:
602 2261 689 2288 non
719 2250 767 2288 tu
798 2247 888 2288 fe‘ra
919 2247 1031 2288 bella
1061 2247 1281 2301 movebas3

179 2306 385 2348 Garrulus
418 2309 460 2347 et
490 2306 680 2361 placidae
711 2305 828 2360 pacis
862 2309 1027 2347 amator
1058 2320 1162 2347 eras.

119 2365 249 2420 Eece,
281 2364 520 2407 coturnices
551 2364 664 2406 inter
696 2378 772 2406 sua
802 2364 965 2418 proelia
996 2364 1164 2418 vivunt,
