1690 2656
296 150 383 192 200
754 152 856 185 ΑΒΕ
882 151 1187 187 AMATORIA.

355 245 452 287 Fiet
484 261 603 287 amor
635 261 778 301 verus,
810 246 882 300 qui
914 247 1041 288 modo
1073 246 1207 288 falsus
1241 250 1342 289 erat.

296 304 525 345 Blanditiis
558 305 748 346 animum
779 304 930 346 furtim
962 305 1218 360 deprendere
1250 320 1363 348 nunc
1395 306 1470 361 sit,

226 373 278 399 σεο
356 361 416 403 Ut
448 363 634 416 pendens
666 363 830 417 liquida
860 363 954 418 ripa
986 363 1155 405 subitur
1187 378 1313 418 aqua:

298 419 387 462 Nec
420 421 573 462 faciem
604 435 681 462 nec
713 424 756 462 te
787 421 934 476 pigeat
965 421 1137 463 laudare
1171 422 1348 477 capillos

357 479 415 519 Et
447 482 604 520 teretes
637 479 797 535 digitos
832 480 1117 535 exiguumque
1148 481 1310 535 pedem.

297 536 525 578 Delectant
557 538 687 579 etiam
719 541 859 580 castas
891 539 1119 592 praeconia
1150 539 1330 581 formae:

356 595 610 651 Virginibus
643 611 768 638 curae
802 600 1008 652 grataque
1039 598 1178 638 forma
1211 601 1341 639 suast.

226 664 276 689 625
298 653 410 695 Nam
443 669 517 695 cur
547 655 592 695 in
623 654 825 710 Phrygiis
857 655 1065 697 Iunonem
1097 659 1140 697 et
1169 655 1345 697 Pallada
1376 656 1495 697 silvis

356 711 482 754 Nunc
515 727 683 767 quoque
714 713 920 755 iudicium
950 728 1037 755 non
1068 714 1257 756 tenuisse
1288 714 1446 769 pudet?

296 770 512 812 Laudatas
546 772 734 813 ostendit
766 773 856 814 avis
888 772 1070 814 Iunonia
1101 773 1271 826 pinnas:

357 828 401 870 Si
433 830 592 871 tacitus
626 833 810 885 spectes,
840 831 916 872 illa
947 831 1141 873 recondit
1173 846 1292 886 opes3

298 887 598 942 Quadrupedes
630 884 744 930 inter
774 889 912 944 rapidi
945 890 1178 931 certamina
1210 904 1359 931 cursus

226 957 277 982 630
355 946 638 1000 Depexaeque
669 947 795 988 iubae
826 948 1060 1002 plausaque
1093 948 1202 990 colla
1232 948 1392 989 iuvant.

296 1003 387 1046 Nec
420 1005 567 1046 timide
599 1006 821 1059 promitte:
854 1006 1032 1047 trahunt
1063 1007 1277 1060 promissa
1306 1006 1489 1061 puellas3

355 1062 556 1104 Pollicito
588 1066 720 1105 testes
754 1064 968 1117 quoslibet
1002 1065 1105 1105 adde
1139 1065 1256 1106 deos!

297 1121 491 1175 Iuppiter
522 1136 573 1163 ex
605 1122 693 1163 alto
725 1122 912 1176 periuria
944 1123 1054 1163 ridet
1086 1126 1307 1164 amantum

356 1180 414 1220 Et
444 1180 565 1221 iubet
596 1180 771 1221 Aeolios
803 1181 934 1221 inrita
963 1180 1074 1221 ferre
1106 1181 1259 1222 Notos.

226 1249 277 1273 035
297 1237 379 1278 Per
412 1237 548 1293 Styga
580 1238 734 1279 Iunoni
766 1239 923 1279 falsum
955 1239 1095 1280 iurare
1129 1239 1295 1280 solebat

355 1296 564 1350 Iuppiter:
596 1297 791 1351 exemplo
822 1311 935 1339 nunc
966 1297 1082 1338 favet
1111 1297 1203 1352 ipse
1236 1312 1325 1339 suo.

296 1355 483 1408 Expedit
515 1369 606 1396 esse
639 1356 758 1410 deos,
790 1359 850 1410 et,
882 1358 930 1396 ut
961 1356 1149 1410 expedit,
1182 1371 1273 1398 esse
1304 1359 1524 1410 putemus:

356 1413 524 1454 Dentur
555 1413 599 1454 in
631 1414 832 1467 antiquos
864 1417 962 1455 tura
993 1429 1242 1468 merumque
1273 1414 1411 1470 focos3

296 1470 387 1513 Nec
420 1486 568 1512 secura
600 1472 719 1525 quies
750 1472 848 1513 illos
883 1472 1118 1526 similisque
1152 1473 1296 1527 sopori

227 1542 277 1566 640
356 1529 550 1571 Detinet:
582 1530 763 1572 innocue
795 1530 944 1585 vivite,
978 1545 1137 1572 numen
1168 1532 1299 1573 adest.

297 1588 478 1629 Reddite
512 1589 772 1643 depositum,
802 1589 940 1643 pietas
975 1604 1051 1630 sua
1081 1589 1254 1630 foedera
1285 1593 1440 1645 servet3

355 1646 492 1687 Fraus
526 1647 657 1701 absit7
689 1662 843 1689 vacuas
877 1647 1016 1689 caedis
1048 1647 1203 1688 habete
1236 1663 1404 1689 manus:

297 1704 471 1759 Ludite,
504 1705 538 1745 si
573 1705 742 1760 sapitis,
773 1705 886 1747 solas
917 1705 1076 1759 inpune
1108 1706 1290 1760 puellas!

355 1763 448 1804 Hac
481 1763 618 1818 magis
652 1767 717 1804 est
747 1778 833 1805 una
863 1763 1011 1805 fraude
1042 1765 1239 1818 pudenda
1268 1765 1384 1806 fides.

227 1833 278 1858 645
298 1821 453 1863 Fallite
484 1821 699 1863 fallentes:
732 1836 783 1864 ex
814 1836 971 1877 magna
1000 1826 1122 1876 parte
1153 1823 1383 1877 profanum

359 1879 468 1921 Sunt
501 1894 652 1935 genus3
682 1880 728 1921 in
759 1881 951 1934 laqueos,
984 1895 1090 1934 quos
1122 1895 1320 1936 posuere7
1352 1882 1523 1923 cadant!

298 1938 468 1979 Dicitur
500 1939 723 1993 Aegyptos
757 1939 942 1980 caruisse
973 1939 1221 1981 iuvantibus
1253 1955 1353 1981 arva

357 1996 574 2037 Imbribus
608 2001 737 2051 atque
770 2011 903 2038 annos
936 1997 1048 2039 sicca
1079 1998 1212 2039 fuisse
1242 2012 1415 2053 novem,

301 2053 407 2095 Cum
440 2054 645 2096 Thrasius
677 2055 852 2097 Busirin
883 2056 972 2097 adit
1003 2059 1300 2110 monstratque
1331 2057 1440 2111 piari

229 2123 280 2149 (350
357 2112 554 2166 Hospitis
588 2113 737 2155 adfuso
770 2114 978 2169 sanguine
1009 2129 1134 2169 posse
1166 2115 1323 2156 Iovem.

299 2170 368 2211 Illi
400 2170 566 2211 Busiris
599 2171 689 2213 ‘fies
721 2172 837 2213 Iovis
868 2172 1011 2213 hostia
1042 2172 1222 2227 primus'

359 2228 506 2282 Inquit
539 2229 596 2270 ‘et
627 2230 827 2285 Aegypto
860 2234 908 2271 tu
941 2231 1061 2272 dabis
1093 2231 1248 2285 hospes
1282 2231 1463 2285 aquam.9

299 2287 359 2328 Et
389 2286 584 2327 Phalaris
616 2290 740 2329 tauro
772 2288 950 2330 violenti
982 2290 1173 2330 membra
1204 2289 1349 2330 Perilh‘

359 2344 549 2386 Torruit:
581 2345 728 2386 infelix
760 2347 902 2388 inbuit
935 2350 1084 2388 auctor
1117 2361 1234 2402 opus.
