1674 2662
603 167 884 203 PRAEFATIO.
1291 170 1409 204 XXXI

72 262 470 316 interpunctionem.
537 262 617 304 159
662 261 874 318 (extendit)
911 265 1106 316 expandit
1139 264 1255 305 codd.
1295 264 1406 305 mell.

77 321 157 362 166
187 319 422 375 (Actaeum)
448 320 664 362 Actiacum
694 320 740 362 F.
794 322 874 363 169
906 320 1046 375 (mersi
1066 342 1119 355 =
1140 321 1194 377 F)
1220 322 1408 376 Pyrrhae

73 377 217 433 (pirre,
233 392 371 431 pyrre,
392 379 517 431 piree.
539 392 575 432 q.
598 393 628 419 3.
650 377 704 433 a.)
732 379 848 420 codd.
868 379 974 433 plur.
996 379 1046 421 cf.
1067 380 1266 421 Bursiani
1285 383 1404 421 nunt.

73 436 208 478 annal.
235 435 380 477 XLIII
407 435 551 491 (1885.
577 435 638 491 Π)
663 452 702 491 p.
723 438 805 478 221
841 439 967 491 [fuyz't
989 437 1042 493 F3
1071 439 1162 491 fiyz't
1188 438 1305 479 Harl.
1334 439 1407 479 sed

73 494 122 536 cf.
161 497 248 536 met.
286 494 366 547 IX,
400 495 512 545 720}
566 496 647 536 182
687 493 800 550 (erit)
837 499 955 537 erunt
990 495 1035 536 F.
1088 497 1170 537 201
1205 494 1404 552 (amatae)

72 566 208 594 amore
236 551 311 593 Ae.
337 551 529 593 B'f'threns
560 567 599 607 p.
629 553 692 594 19.
742 566 882 595 amare
912 554 1028 595 codd.
1062 568 1207 595 omnes
1239 558 1406 608 praeter

71 609 119 664 F,
145 610 217 664 qui
248 610 394 651 habet:
425 614 597 652 amatae.
646 611 728 652 207
763 609 1011 666 (pectusque)
1032 616 1222 664 pec-&usuc
1246 612 1404 654 Harlei.

71 667 191 709 Fuld.
225 671 267 709 et
299 668 371 709 alii
401 668 608 724 nonnulli,
634 669 682 723 cj.
704 669 833 710 etiam
853 669 904 710 N.
925 669 1138 711 Heinsius.
1183 671 1267 712 208
1294 668 1402 726 (An)

71 727 113 768 A
154 727 227 767 Ae.
265 725 456 767 B'a‘threns
494 727 519 768 1.
551 726 576 767 1.
608 741 646 781 p.
683 727 745 768 19.
790 731 889 781 post
922 727 1037 780 ‘ayo'
1082 744 1117 769 v.
1150 729 1232 770 207
1277 728 1406 769 inter-

71 784 308 839 rogationis
336 784 505 839 signum
531 788 579 825 ut
597 788 838 839 poneretur,
857 784 908 826 N.
928 785 1132 827 Heinsius
1152 787 1238 827 iam
1259 787 1405 841 suasit,

73 843 145 884 sed
193 843 279 898 legi
328 843 480 883 voluit:
529 842 601 884 En
644 844 751 895 quid.
818 845 900 885 211
947 842 1192 899 (parantur)
1236 845 1403 899 scripsi:

68 902 261 953 paranda
293 900 385 942 coll.
418 900 520 954 epic.
553 900 683 941 Drusi
718 901 811 942 126.
862 902 945 942 217
980 900 1181 957 (Sappho)
1210 902 1405 955 Sapplzon

71 958 104 999 F
145 961 188 1000 et
225 958 341 1000 codd.
385 958 581 999 meliores
626 972 771 1000 omnes
818 958 868 1000 cf.
913 959 965 1000 ad
1009 975 1088 1000 am.
1126 960 1188 1015 II,
1227 961 1298 1013 19,
1335 961 1403 1001 29.

71 1017 155 1058 218
200 1014 338 1072 (fuya)
378 1017 469 1069 ἴκρι’
511 1031 561 1058 ex
605 1015 643 1057 G
688 1015 727 1057 S.
770 1015 817 1057 G.
862 1017 911 1058 de
949 1016 1073 1059 Vries
1117 1018 1162 1058 in
1205 1018 1403 1059 editionis

73 1089 171 1116 suae
203 1074 360 1130 pagina
389 1075 482 1115 117.

334 1166 668 1209 Medicamina
698 1167 852 1209 faciei
884 1168 1143 1210 femineae.

188 1236 239 1277 In
269 1236 314 1277 M
345 1236 594 1278 inscribitur
632 1237 691 1278 sic
726 1237 1010 1278 LIBELLVS
1043 1238 1127 1279 DH
1158 1237 1404 1279 MEDICA-

71 1293 226 1335 MINH
250 1294 284 1335 F
288 1293 468 1336 ACIHY
494 1294 790 1336 ‹DHMYNHH
809 1294 927 1351 (sic);
958 1296 1127 1337 restitui
1152 1296 1328 1337 titulum
1353 1311 1404 1336 ex

73 1368 107 1393 a.
129 1368 162 1393 a..
185 1352 262 1406 III,
288 1353 373 1393 205
400 1355 442 1393 et
474 1352 525 1393 ad
558 1353 796 1407 exemplum
827 1353 1141 1408 Remediorum,
1173 1368 1279 1407 quae
1310 1354 1404 1408 ipsa

73 1424 239 1464 quoque
277 1410 326 1451 de
362 1409 565 1451 Remedio
603 1411 912 1465 inscribuntur,
949 1414 991 1452 et
1027 1412 1165 1465 Artis,
1203 1412 1322 1452 cuius
1359 1412 1404 1452 in

72 1468 218 1510 multis
251 1468 467 1510 codicibus
498 1468 568 1510 hic
600 1472 665 1510 est
696 1469 865 1510 titulus:
903 1469 967 1510 De
1001 1473 1090 1511 arte
1123 1469 1302 1510 amandi.

189 1527 215 1568 2
247 1525 419 1582 (forma)
456 1540 555 1568 cura
586 1527 703 1568 codd.
735 1526 822 1568 fere
856 1541 1017 1582 omnes3
1058 1527 1224 1582 scripsi:
1269 1541 1402 1569 causa.

73 1585 98 1626 6
137 1582 370 1640 (Cultaque)
407 1584 607 1638 Fissaque
646 1584 701 1625 M.
766 1586 818 1627 12
857 1583 1135 1641 (Malueram)
1172 1586 1405 1627 fllaluerz'ut

72 1642 126 1683 M.
163 1643 216 1684 14
235 1641 482 1698 (Assiduum
505 1641 626 1698 duro)
651 1643 830 1685 Assiduo
855 1645 1004 1685 durum
1029 1643 1085 1684 M.
1130 1645 1181 1685 17
1204 1642 1403 1699 (nostrae)

71 1704 222 1742 vestrae
263 1700 318 1741 M.
380 1701 436 1742 20
476 1699 742 1755 (Conspicuas
768 1726 823 1730 —
848 1699 1015 1757 manus)
1060 1701 1327 1754 Conspicuam
1347 1726 1401 1730 -—

72 1772 240 1800 manum
270 1758 326 1799 Μ.
377 1759 432 1800 23
465 1757 538 1814 (si)
569 1761 624 1801 sit
653 1758 708 1800 M.
748 1760 803 1801 25
830 1758 1082 1816 (poliuntur)
1105 1760 1322 1813 potiuntur
1340 1759 1402 1810 M;

72 1820 171 1871 post
190 1830 359 1858 versum
399 1817 454 1858 26
480 1817 667 1871 itemque
693 1820 792 1871 post
811 1832 980 1859 versum
1006 1818 1062 1859 50
1089 1818 1259 1872 signum
1278 1818 1402 1871 posui

71 1875 247 1916 lacunae
290 1874 340 1916 cf.
378 1873 577 1915 Bursiani
618 1878 736 1916 nunt.
775 1876 911 1916 annal.
949 1875 1095 1916 XLIII
1139 1874 1283 1931 (1885.
1339 1874 1400 1930 ΙΙ)

71 1947 110 1987 p.
140 1933 232 1974 185.
283 1933 337 1974 27
371 1931 476 1988 (Pro
511 1946 552 1974 se
588 1946 764 1986 quaeque
783 1957 838 1963 ——
858 1937 895 1975 et
923 1932 1038 1988 quos)
1070 1933 1155 1974 Pro
1185 1946 1226 1974 se
1255 1946 1404 2000 queque

75 2005 202 2043 ...et
239 2001 292 2055 ξιξ
338 1993 522 2055 venereus}
565 2001 628 2055 M3
673 2002 842 2056 scripsi:
890 2002 975 2054 Quo
1017 2015 1058 2044 se
1099 2004 1239 2055 cuique
1368 2007 1405 2044 et

73 2073 149 2112 quo
169 2059 218 2101 cf.
237 2059 437 2101 Bursiani
455 2062 575 2100 nunt.
597 2060 732 2101 annal.
758 2060 784 2100 1.
803 2060 829 2101 1.
853 2084 908 2089 --
929 2062 981 2102 31
999 2058 1267 2116 (cuicumque)
1286 2074 1403 2114 quae—

73 2131 237 2170 cumque
278 2117 334 2158 M.
397 2118 452 2159 34
496 2116 663 2173 (multa)
705 2121 821 2159 muta
857 2117 912 2159 M.
962 2119 1017 2160 35
1062 2117 1153 2174 (nos
1188 2119 1295 2174 uret)
1337 2133 1404 2161 vos

73 2179 186 2229 uryet
221 2174 266 2216 M
280 2174 351 2216 m¹.
411 2176 465 2216 41
506 2173 729 2231 (Temese'ia
768 2174 953 2231 moverit)
994 2175 1244 2233 Temes(a)ea
1280 2191 1402 2219 remo-

73 2234 174 2274 verit
207 2232 263 2274 M.
319 2233 372 2274 51
407 2231 598 2288 (Discite)
636 2233 718 2275 Dic
753 2247 825 2287 aye
854 2233 909 2275 Μ.
964 2235 1019 2276 59
1046 2233 1233 2290 (cadunt)
1265 2236 1405 2277 cadent

74 2289 129 2331 M.
180 2291 235 2332 60
272 2289 397 2346 (face)
433 2291 501 2342 fac
531 2290 576 2332 Μ
616 2292 762 2343 [solida
800 2292 916 2334 codd.
946 2293 1066 2335 solidi
1096 2293 1148 2334 N.
1180 2293 1400 2344 Heinsius]

75 2349 236 2391 mutavi
277 2349 675 2403 interpunctionem.
743 2350 797 2392 62
842 2348 905 2406 (in
947 2350 1135 2407 cumeris)
1179 2353 1402 2393 {memneris
