1690 2656
239 158 322 199 106
760 157 1053 193 HEROIDES.

236 253 337 294 Non
367 254 520 308 puduit
551 254 675 294 fortis
710 267 812 293 auro
846 252 1044 294 cohibere
1076 253 1280 308 lacertos,

183 323 217 347 δυ
295 312 353 352 Et
385 313 532 353 solidis
567 326 757 366 gemmas
790 311 1041 366 opposuisse
1074 311 1209 352 toris?

236 369 401 424 Nempe
435 371 512 411 sub
544 370 611 411 his
645 370 831 410 animam
863 370 995 423 pestis
1029 369 1243 411 Nemeaea
1274 370 1444 412 lacertis

295 428 463 483 Edidit7
495 429 604 469 unde
636 443 807 469 umerus
839 428 1031 483 tegmina
1063 428 1208 469 laevus
1240 428 1387 470 habet!

200 486 379 527 *Ausus
413 501 456 527 es
488 487 679 527 hirsutos
713 487 841 528 mitra
873 487 1070 527 redimire
1103 486 1297 541 capillos!

294 545 450 599 Aptior
482 545 718 586 Herculeae
750 546 934 599 populus
968 546 1064 586 alba
1097 560 1288 587 comae*

182 614 214 638 65
235 603 326 644 Nec
358 607 399 644 te
432 603 630 644 Maeonia
661 604 844 645 lascivae
877 618 994 644 more
1025 604 1192 657 puellae

293 661 461 717 Incingi
492 676 599 703 zona
631 662 875 703 dedecuisse
907 662 1061 716 putes?

234 720 334 761 Non
366 720 446 761 tibi
479 721 689 762 succurrit
722 721 839 762 crudi
871 720 1092 762 Diomedis
1123 720 1286 775 imago,

292 779 460 820 Efferus
492 780 680 820 humana
713 780 785 833 qui
817 780 922 833 dape
953 779 1072 833 pavit
1104 779 1264 832 equas?

236 836 280 878 Si
312 841 353 878 te
386 837 563 878 vidisset
596 839 714 878 cultu
745 837 910 878 Busiris
943 838 988 878 in
1017 837 1102 878 isto
1112 871 1121 891 ,

179 906 213 930 ⁷0
291 895 404 937 Huic
436 896 574 937 victor
604 897 718 938 victo
749 911 901 950 nempe
932 896 1152 950 pudendus
1184 897 1296 937 eras!

232 954 445 995 Detrahat
477 956 670 996 Antaeus
703 955 807 996 duro
841 954 1090 995 redimicula
1123 955 1253 1009 collo,

291 1012 356 1054 Ne
389 1013 535 1067 pigeat
567 1013 688 1054 molli
720 1013 999 1054 subcubuisse
1031 1012 1139 1054 viro!

232 1071 350 1112 Inter
381 1071 576 1113 Ioniacas
610 1072 826 1112 calathum
858 1071 1045 1112 tenuisse
1077 1071 1242 1125 puellas

290 1129 457 1170 Diceris
490 1133 532 1171 et
564 1130 759 1170 dominae
791 1130 1062 1183 pertimuisse
1096 1129 1244 1170 minas.

177 1198 211 1223 75
232 1187 332 1229 Non
362 1188 497 1243 fugis,
527 1187 696 1242 Alcide,
727 1188 947 1229 victricem
978 1188 1095 1228 mille
1128 1188 1324 1228 laborum

289 1246 509 1288 Rasilibus
543 1247 724 1288 calathis
756 1246 998 1300 inposuisse
1031 1260 1205 1286 manum

231 1303 468 1359 Crassaque
501 1305 681 1346 robusto
714 1305 885 1346 deducis
917 1304 1071 1358 pollice
1103 1305 1176 1345 fila

289 1364 523 1417 Aequaque
554 1363 767 1404 formosae
799 1378 932 1417 pensa
964 1363 1158 1416 rependis
1191 1363 1303 1403 erae!

230 1422 284 1463 A!
319 1422 536 1476 quotiens,
568 1422 715 1477 digitis
749 1422 848 1462 dum
880 1425 1054 1476 torques
1088 1421 1273 1462 stamina
1305 1420 1439 1476 duris,

175 1491 210 1516 80
288 1481 561 1521 Praevalidae
594 1481 713 1521 fusos
746 1480 1017 1522 conminuere
1049 1481 1216 1521 manus!

193 1552 213 1575 *
232 1537 443 1590 [Crederis
475 1538 625 1580 infelix
657 1539 843 1580 scuticae
875 1538 1151 1579 tremefactus
1186 1537 1420 1590 habenis]*

227 1597 340 1638 Ante
372 1598 499 1651 pedes
531 1597 727 1638 dominae
762 1597 1049 1651 [pertimuisse
1081 1597 1237 1648 minas]
1265 1630 1389 1637 .....

192 1669 212 1692 *
231 1654 439 1710 [Eximias
470 1670 669 1710 pompas,
699 1655 888 1697 inmania
919 1656 1082 1696 semina
1112 1655 1341 1706 laudum]*

286 1714 504 1768 Factaque
536 1714 730 1755 narrabis
764 1714 1070 1754 dissimulanda
1103 1714 1200 1754 tibi:

172 1782 207 1807 85
229 1771 402 1814 Scilicet
432 1773 624 1814 inmanes
657 1772 773 1813 elisis
805 1772 1000 1813 faucibus
1031 1772 1190 1826 hydros

286 1831 502 1872 Infantem
535 1831 678 1872 caudis
711 1831 943 1871 involuisse
979 1845 1152 1871 manum
1161 1864 1171 1883 ,

227 1888 287 1929 Ut
317 1889 514 1944 Phegeus
548 1904 648 1943 aper
681 1889 962 1943 cupressifero
994 1889 1263 1943 Erymantho

285 1947 464 1989 Incubet
497 1951 540 1989 et
570 1951 693 1989 vasto
724 1948 910 2002 pondere
941 1948 1082 1988 laedat
1113 1948 1301 1988 humum.

225 2005 325 2046 Non
356 2006 436 2046 tibi
468 2006 674 2048 Threiciis
707 2007 845 2047 adfixa
875 2006 1102 2060 penatibus
1136 2020 1210 2046 ora
1219 2039 1230 2059 ,

172 2074 207 2098 90
285 2063 385 2104 Non
415 2065 639 2106 hominum
670 2065 850 2119 pingues
883 2065 1007 2106 caede
1040 2067 1237 2105 tacentur
1269 2078 1399 2117 equae

227 2121 559 2176 Prodigiumque
591 2124 765 2178 triplex,
796 2123 977 2164 armenti
1010 2123 1124 2163 dives
1157 2122 1309 2163 Hiberi

287 2179 503 2234 Geryones
512 2215 522 2235 7
554 2182 747 2235 quamvis
778 2182 823 2222 in
854 2181 992 2222 tribus
1024 2195 1133 2221 unus
1166 2184 1276 2235 erat,

225 2238 359 2291 Inque
393 2253 516 2279 canes
549 2240 728 2281 totidem
759 2243 911 2281 trunco
944 2239 1135 2294 digestus
1167 2239 1219 2280 ab
1252 2253 1336 2280 uno

285 2295 492 2337 Cerberos
524 2297 729 2350 inplicitis
763 2313 901 2353 angue
933 2299 1123 2339 minante
1156 2297 1308 2351 comis,

171 2366 205 2391 95
228 2354 428 2408 Quaeque
460 2356 724 2396 redundabat
756 2356 936 2397 fecundo
969 2357 1141 2397 vulnere
1175 2369 1345 2409 serpens
