1674 2662
576 145 637 187 ΠΙ,
663 157 730 187 1111,
757 154 909 187 38—vx,
936 153 980 178 15.
1395 144 1450 185 53

172 239 276 295 (Sed
306 239 429 294 niger
460 239 505 279 111
536 253 687 280 vaccae
718 242 890 292 pectore
920 238 1029 279 livor
1061 236 1170 293 erat)

113 297 256 352 thue
287 297 436 351 procul
467 297 575 338 vidit
607 300 828 351 carpentes
860 297 1018 350 pabula
1049 299 1214 351 tauros,

173 354 437 410 (Carpebant
468 355 580 396 tauri
612 355 770 408 pabula
800 355 913 395 laeta
943 355 1108 408 procul)

113 414 221 455 Illuc
254 428 298 454 se
330 413 473 467 rapuit
505 414 790 468 gregibusque
822 413 1041 454 inmiscuit
1072 412 1157 453 illis

60 483 94 508 30
172 472 230 512 Et
261 472 387 526 petiit
416 471 573 511 herbae
605 470 826 511 fertilioris
858 471 1047 511 humum.

113 530 193 571 Dic
227 544 323 585 age,
353 532 605 582 nocturnae,
637 529 890 583 quicumque
923 543 985 582 es,
1015 529 1216 584 imaginis
1249 543 1401 584 augur,

173 587 322 641 Siquid
351 588 512 628 habent
543 587 649 641 veri,
681 587 772 627 visa
805 587 904 640 quid
935 587 1020 628 ista
1051 586 1216 628 ferant.'

115 645 183 687 Sic
215 660 313 701 eg03
344 648 580 686 nocturnae
614 645 673 686 sic
707 645 815 685 dixit
847 645 1046 700 imaginis
1080 659 1233 700 augur,

171 704 425 758 Expendens
459 703 600 744 animo
634 703 802 757 singula
835 703 948 744 dicta
980 717 1072 744 suo:

60 772 92 797 35
114 762 264 810 ‘Quem
295 765 343 802 tu
374 762 606 802 mobilibus
638 761 753 802 foliis
785 761 920 802 vitare
952 761 1144 816 volebas,

174 819 255 861 Sed
286 820 395 860 male
427 820 613 873 vitabas,
645 823 786 860 aestus
820 819 976 860 amoris
1009 823 1111 860 erat.

112 878 254 919 Vacca
284 878 428 931 puella
459 880 594 918 tuast:
627 880 751 931 aptus
784 878 900 918 color
930 877 1002 917 ille
1033 877 1217 932 puellae,

171 936 234 976 Tu
265 936 330 976 vir
361 938 404 976 et
434 935 480 975 in
510 949 639 976 vacca
670 949 851 989 conpare
883 939 1032 975 taurus
1065 950 1176 990 eras,

111 994 293 1035 Pectora
325 993 437 1047 quod
468 996 608 1034 rostro
642 993 787 1034 cornix
819 993 1009 1033 fodiebat
1042 996 1184 1048 acuto,

59 1062 94 1087 40
172 1052 398 1107 Ingenium
430 1051 624 1092 dominae
656 1051 752 1092 lena
783 1052 983 1092 movebat
1015 1066 1137 1106 anus,

114 1109 235 1159 Quod
268 1112 467 1151 cunctata
499 1109 570 1150 diu
601 1112 772 1150 taurum
805 1124 881 1150 sua
912 1125 1040 1151 vacca
1070 1110 1260 1163 reliquit,

171 1168 372 1223 Frigidus
403 1168 449 1208 in
479 1167 606 1208 viduo
639 1168 870 1208 destituere
903 1171 1016 1223 toro3

112 1226 242 1267 Livor
274 1229 316 1267 et
349 1226 524 1266 adverso
556 1226 746 1266 maculae
780 1226 857 1266 sub
889 1229 1060 1279 pectore
1091 1226 1239 1281 nigrae

172 1284 326 1325 Pectus
360 1283 557 1324 adulterii
588 1284 683 1324 labe
716 1298 855 1324 carere
887 1283 1075 1338 negant.'

60 1353 94 1377 45
114 1342 292 1383 Dixerat
322 1342 551 1395 interpres:
586 1341 724 1396 gelido
757 1341 862 1381 mihi
895 1342 1070 1397 sanguis
1102 1342 1154 1382 ab
1188 1356 1259 1382 ore

172 1400 321 1455 Fugit,
353 1403 395 1440 et
427 1403 524 1440 ante
558 1399 702 1440 oculos
734 1414 819 1440 nox
852 1400 973 1440 stetit
1005 1400 1092 1440 alta
1122 1414 1252 1440 meos.

48 1515 265 1557 VLAmnis
296 1515 606 1557 harundinibus
637 1515 812 1556 limosas
847 1515 984 1556 obsite
1016 1515 1149 1569 ripas,

172 1574 240 1614 Ad
272 1574 488 1614 dominam
519 1588 718 1628 proper:o
753 1574 854 1614 siste
886 1588 1112 1627 Ρ11Η11111Ρθ1
1144 1575 1291 1628 aquas!

113 1631 203 1673 Nec
234 1631 316 1672 tibi
348 1635 447 1672 sunt
476 1635 630 1686 pontes
661 1647 738 1673 nec
771 1646 877 1686 quae
910 1632 999 1672 sine
1031 1631 1204 1686 remigis
1235 1632 1325 1673 ictu

173 1688 369 1731 Concava
400 1690 580 1731 traiecto
613 1690 766 1732 cumba
796 1690 973 1730 rudente
1004 1690 1142 1731 vehat

79 1759 94 1784 5
113 1747 276 1789 Parvus
308 1762 418 1801 eras,
450 1748 641 1802 memini,
671 1763 749 1789 nec
780 1752 823 1788 te
854 1748 1036 1789 transire
1068 1748 1226 1803 refugi,

175 1805 432 1859 Summaque
464 1806 534 1846 vix
565 1806 675 1847 talos
709 1806 892 1861 contigit
923 1806 1036 1846 unda
1067 1821 1201 1860 meos,

112 1863 237 1905 Nunc
269 1864 357 1904 ruis
390 1864 584 1918 adposito
616 1864 786 1905 nivibus
819 1865 868 1904 de
900 1867 1045 1905 monte
1078 1864 1228 1905 solutis

172 1922 230 1962 Et
261 1922 376 1975 turpi
410 1937 573 1963 crassas
607 1922 777 1976 gurgite
809 1922 944 1963 volvis
978 1936 1120 1975 aquas.

114 1979 224 2028 Quid
254 1994 505 2033 properasse
535 1980 673 2033 iuvat,
705 1980 804 2034 quid
835 1995 963 2034 parca
995 1980 1157 2021 dedisse
1191 1981 1323 2034 quieti

61 2049 94 2073 10
172 2037 399 2091 Tempora,
431 2038 532 2091 quid
562 2037 680 2078 nocti
712 2038 976 2078 conseruisse
1008 2038 1136 2093 diem,

115 2094 159 2136 Si
191 2098 335 2135 tamen
365 2095 433 2136 hic
466 2096 725 2149 standumst,
757 2096 792 2136 si
823 2110 910 2136 non
941 2096 1066 2136 datur
1097 2096 1260 2138 artibus
1292 2098 1390 2139 ullis

171 2152 361 2193 Ulterior
391 2157 539 2194 nostro
571 2154 665 2207 ripa
695 2154 923 2218 premenda
954 2154 1080 2208 pedi?

117 2210 237 2252 Nunc
270 2225 369 2266 ego,
401 2225 504 2264 quas
536 2211 688 2252 habuit
717 2211 869 2265 pinnas
902 2211 1116 2253 Danaeius
1147 2213 1290 2269 heros,

172 2245 369 2309 Terribili
401 2269 578 2310 densum
610 2284 706 2310 cum
737 2270 837 2310 tulit
870 2284 1007 2325 angue
1040 2275 1184 2336 caput,

62 2337 94 2362 15
113 2325 238 2368 Nunc
271 2331 372 2381 opto
405 2341 593 2381 cuirum,
625 2327 674 2368 de
708 2342 790 2381 quo
823 2326 1014 2370 Cerealia
1043 2329 1228 2384 primum
