<?xml version="1.0" encoding="UTF-8"?>
<!DOCTYPE html PUBLIC "-//W3C//DTD XHTML 1.0 Transitional//EN"
    "http://www.w3.org/TR/xhtml1/DTD/xhtml1-transitional.dtd">
<html xmlns="http://www.w3.org/1999/xhtml" xml:lang="en" lang="en">
 <head>
  <title>
</title>
<meta http-equiv="Content-Type" content="text/html;charset=utf-8" />
  <meta name='ocr-system' content='tesseract 3.04.00' />
  <meta name='ocr-capabilities' content='ocr_page ocr_carea ocr_par ocr_line ocrx_word'/>
</head>
<body>
  <div class='ocr_page' id='page_1' title='image "./operaovid03oviduoft_0171.png"; bbox 0 0 1674 2662; ppageno 0'>
   <div class='ocr_carea' id='block_1_1' title="bbox 303 163 1448 203">
    <p class='ocr_par' dir='ltr' id='par_1_1' title="bbox 303 163 1448 203">
     <span class='ocr_line' id='line_1_1' title="bbox 303 163 1448 203; baseline -0.001 -4"><span class='ocrx_word' id='word_1_1' title='bbox 303 165 362 199; x_wconf 82' lang='lat' dir='ltr'>XI.</span> <span class='ocrx_word' id='word_1_2' title='bbox 391 164 580 200; x_wconf 72' lang='lat' dir='ltr'>CANACE</span> <span class='ocrx_word' id='word_1_3' title='bbox 609 176 770 200; x_wconf 66' lang='lat'>103—128.</span> <span class='ocrx_word' id='word_1_4' title='bbox 819 165 895 198; x_wconf 81' lang='lat' dir='ltr'>XII.</span> <span class='ocrx_word' id='word_1_5' title='bbox 922 163 1090 198; x_wconf 80' lang='lat' dir='ltr'>MEDEA</span> <span class='ocrx_word' id='word_1_6' title='bbox 1117 174 1224 198; x_wconf 76' lang='lat'>1—-44,</span> <span class='ocrx_word' id='word_1_7' title='bbox 1369 163 1448 203; x_wconf 78' lang='grc'>117</span> 
     </span>
    </p>
   </div>
   <div class='ocr_carea' id='block_1_2' title="bbox 0 258 1428 2402">
    <p class='ocr_par' dir='ltr' id='par_1_2' title="bbox 0 258 1428 2402">
     <span class='ocr_line' id='line_1_2' title="bbox 168 258 1067 314; baseline -0.002 -13"><span class='ocrx_word' id='word_1_8' title='bbox 168 259 397 301; x_wconf 80' lang='lat' dir='ltr'>Phrixeam</span> <span class='ocrx_word' id='word_1_9' title='bbox 428 260 553 314; x_wconf 82' lang='lat' dir='ltr'>petiit</span> <span class='ocrx_word' id='word_1_10' title='bbox 584 258 724 299; x_wconf 79' lang='lat' dir='ltr'>Pelias</span> <span class='ocrx_word' id='word_1_11' title='bbox 758 259 884 299; x_wconf 88' lang='lat' dir='ltr'>arbor</span> <span class='ocrx_word' id='word_1_12' title='bbox 917 259 1067 299; x_wconf 75' lang='lat' dir='ltr'>ovem?</span> 
     </span>
     <span class='ocr_line' id='line_1_3' title="bbox 112 316 1307 371; baseline -0.002 -12"><span class='ocrx_word' id='word_1_13' title='bbox 112 317 196 359; x_wconf 83' lang='lat' dir='ltr'>Cur</span> <span class='ocrx_word' id='word_1_14' title='bbox 227 332 430 371; x_wconf 87' lang='lat' dir='ltr'>umquam</span> <span class='ocrx_word' id='word_1_15' title='bbox 464 316 612 358; x_wconf 79' lang='lat' dir='ltr'>Colchi</span> <span class='ocrx_word' id='word_1_16' title='bbox 644 317 892 371; x_wconf 76' lang='lat' dir='ltr'>Magnetida</span> <span class='ocrx_word' id='word_1_17' title='bbox 923 317 1104 358; x_wconf 88' lang='lat' dir='ltr'>vidimus</span> <span class='ocrx_word' id='word_1_18' title='bbox 1138 317 1307 371; x_wconf 81' lang='lat' dir='ltr'>Argon⁷</span> 
     </span>
     <span class='ocr_line' id='line_1_4' title="bbox 0 375 1258 431; baseline -0.001 -15"><span class='ocrx_word' id='word_1_19' title='bbox 0 419 1 431; x_wconf 18' lang='grc' dir='ltr'>ἦ</span> <span class='ocrx_word' id='word_1_20' title='bbox 57 388 90 412; x_wconf 87' lang='lat'>1⁰</span> <span class='ocrx_word' id='word_1_21' title='bbox 168 376 393 429; x_wconf 81' lang='lat' dir='ltr'>Turbaque</span> <span class='ocrx_word' id='word_1_22' title='bbox 425 375 679 416; x_wconf 79' lang='lat' dir='ltr'>Phasiacam</span> <span class='ocrx_word' id='word_1_23' title='bbox 712 375 840 415; x_wconf 80' lang='lat' dir='ltr'>Graia</span> <span class='ocrx_word' id='word_1_24' title='bbox 872 375 1042 415; x_wconf 88' lang='lat' dir='ltr'>bibistis</span> <span class='ocrx_word' id='word_1_25' title='bbox 1077 376 1258 428; x_wconf 83' lang='lat' dir='ltr'>aquam?</span> 
     </span>
     <span class='ocr_line' id='line_1_5' title="bbox 0 432 1163 488; baseline -0.003 -13"><span class='ocrx_word' id='word_1_26' title='bbox 0 435 1 445; x_wconf 59' lang='lat'>¹</span> <span class='ocrx_word' id='word_1_27' title='bbox 110 432 195 475; x_wconf 85' lang='lat' dir='ltr'>Cur</span> <span class='ocrx_word' id='word_1_28' title='bbox 227 434 332 474; x_wconf 89' lang='lat' dir='ltr'>mihi</span> <span class='ocrx_word' id='word_1_29' title='bbox 363 434 460 488; x_wconf 88' lang='lat' dir='ltr'>plus</span> <span class='ocrx_word' id='word_1_30' title='bbox 494 448 628 486; x_wconf 88' lang='lat' dir='ltr'>aequo</span> <span class='ocrx_word' id='word_1_31' title='bbox 661 433 759 474; x_wconf 78' lang='lat' dir='ltr'>flavi</span> <span class='ocrx_word' id='word_1_32' title='bbox 792 433 988 486; x_wconf 81' lang='lat' dir='ltr'>placuere</span> <span class='ocrx_word' id='word_1_33' title='bbox 1022 433 1163 486; x_wconf 85' lang='lat' dir='ltr'>capilli</span> 
     </span>
     <span class='ocr_line' id='line_1_6' title="bbox 167 491 1123 545; baseline -0.001 -13"><span class='ocrx_word' id='word_1_34' title='bbox 167 492 224 532; x_wconf 88' lang='lat' dir='ltr'>Et</span> <span class='ocrx_word' id='word_1_35' title='bbox 258 493 382 533; x_wconf 88' lang='lat' dir='ltr'>decor</span> <span class='ocrx_word' id='word_1_36' title='bbox 414 495 456 532; x_wconf 86' lang='lat' dir='ltr'>et</span> <span class='ocrx_word' id='word_1_37' title='bbox 487 491 658 545; x_wconf 80' lang='lat' dir='ltr'>linguae</span> <span class='ocrx_word' id='word_1_38' title='bbox 693 491 832 545; x_wconf 86' lang='lat' dir='ltr'>gratia</span> <span class='ocrx_word' id='word_1_39' title='bbox 862 491 964 532; x_wconf 87' lang='lat' dir='ltr'>ficta</span> <span class='ocrx_word' id='word_1_40' title='bbox 995 491 1123 531; x_wconf 76' lang='lat' dir='ltr'>tuae?</span> 
     </span>
     <span class='ocr_line' id='line_1_7' title="bbox 108 548 1428 603; baseline -0.002 -12"><span class='ocrx_word' id='word_1_41' title='bbox 108 550 216 603; x_wconf 80' lang='lat' dir='ltr'>Aut,</span> <span class='ocrx_word' id='word_1_42' title='bbox 249 550 378 590; x_wconf 87' lang='lat' dir='ltr'>semel</span> <span class='ocrx_word' id='word_1_43' title='bbox 409 550 454 589; x_wconf 90' lang='lat' dir='ltr'>in</span> <span class='ocrx_word' id='word_1_44' title='bbox 484 552 655 590; x_wconf 84' lang='lat' dir='ltr'>nostras</span> <span class='ocrx_word' id='word_1_45' title='bbox 688 549 888 602; x_wconf 84' lang='lat' dir='ltr'>quoniam</span> <span class='ocrx_word' id='word_1_46' title='bbox 920 563 1031 590; x_wconf 85' lang='lat' dir='ltr'>nova</span> <span class='ocrx_word' id='word_1_47' title='bbox 1062 549 1215 603; x_wconf 86' lang='lat' dir='ltr'>puppis</span> <span class='ocrx_word' id='word_1_48' title='bbox 1247 548 1428 589; x_wconf 79' lang='lat' dir='ltr'>harenas</span> 
     </span>
     <span class='ocr_line' id='line_1_8' title="bbox 0 607 1042 661; baseline -0.002 -12"><span class='ocrx_word' id='word_1_49' title='bbox 0 644 1 650; x_wconf 73' lang='grc'><strong>,</strong></span> <span class='ocrx_word' id='word_1_50' title='bbox 168 607 354 648; x_wconf 87' lang='lat' dir='ltr'>Venerat</span> <span class='ocrx_word' id='word_1_51' title='bbox 387 608 556 648; x_wconf 84' lang='lat' dir='ltr'>audacis</span> <span class='ocrx_word' id='word_1_52' title='bbox 591 607 876 660; x_wconf 84' lang='lat' dir='ltr'>attuleratque</span> <span class='ocrx_word' id='word_1_53' title='bbox 909 607 1042 661; x_wconf 80' lang='lat' dir='ltr'>viros,</span> 
     </span>
     <span class='ocr_line' id='line_1_9' title="bbox 0 659 1186 719; baseline -0.001 -13"><span class='ocrx_word' id='word_1_54' title='bbox 0 659 2 672; x_wconf 87' lang='lat'>&#39;</span> <span class='ocrx_word' id='word_1_55' title='bbox 58 678 89 702; x_wconf 81' lang='lat'>15</span> <span class='ocrx_word' id='word_1_56' title='bbox 109 666 219 707; x_wconf 88' lang='lat' dir='ltr'>Isset</span> <span class='ocrx_word' id='word_1_57' title='bbox 252 665 473 706; x_wconf 82' lang='lat' dir='ltr'>anhelatos</span> <span class='ocrx_word' id='word_1_58' title='bbox 505 679 589 705; x_wconf 88' lang='lat' dir='ltr'>non</span> <span class='ocrx_word' id='word_1_59' title='bbox 621 665 957 718; x_wconf 74' lang='lat' dir='ltr'>praemedicatus</span> <span class='ocrx_word' id='word_1_60' title='bbox 988 665 1034 705; x_wconf 91' lang='lat' dir='ltr'>in</span> <span class='ocrx_word' id='word_1_61' title='bbox 1064 665 1186 719; x_wconf 85' lang='lat' dir='ltr'>ignes</span> 
     </span>
     <span class='ocr_line' id='line_1_10' title="bbox 170 723 1237 776; baseline -0.001 -12"><span class='ocrx_word' id='word_1_62' title='bbox 170 724 385 764; x_wconf 86' lang='lat' dir='ltr'>Inmemor</span> <span class='ocrx_word' id='word_1_63' title='bbox 416 723 651 764; x_wconf 78' lang='lat' dir='ltr'>Aesonides</span> <span class='ocrx_word' id='word_1_64' title='bbox 687 737 843 776; x_wconf 87' lang='lat' dir='ltr'>oraque</span> <span class='ocrx_word' id='word_1_65' title='bbox 877 723 928 764; x_wconf 86' lang='lat' dir='ltr'>ad</span> <span class='ocrx_word' id='word_1_66' title='bbox 960 726 1057 763; x_wconf 87' lang='lat' dir='ltr'>usta</span> <span class='ocrx_word' id='word_1_67' title='bbox 1089 723 1237 770; x_wconf 71' lang='lat' dir='ltr'>boum:</span> 
     </span>
     <span class='ocr_line' id='line_1_11' title="bbox 110 780 1334 835; baseline -0.001 -13"><span class='ocrx_word' id='word_1_68' title='bbox 110 780 281 823; x_wconf 79' lang='lat' dir='ltr'>Semina</span> <span class='ocrx_word' id='word_1_69' title='bbox 312 782 500 835; x_wconf 77' lang='lat' dir='ltr'>iecisset,</span> <span class='ocrx_word' id='word_1_70' title='bbox 531 781 794 834; x_wconf 89' lang='lat' dir='ltr'>totidemque</span> <span class='ocrx_word' id='word_1_71' title='bbox 828 784 869 822; x_wconf 91' lang='lat' dir='ltr'>et</span> <span class='ocrx_word' id='word_1_72' title='bbox 903 781 1064 821; x_wconf 88' lang='lat' dir='ltr'>semina</span> <span class='ocrx_word' id='word_1_73' title='bbox 1097 784 1139 822; x_wconf 90' lang='lat' dir='ltr'>et</span> <span class='ocrx_word' id='word_1_74' title='bbox 1169 781 1334 835; x_wconf 78' lang='lat' dir='ltr'>hostes,</span> 
     </span>
     <span class='ocr_line' id='line_1_12' title="bbox 167 839 1082 892; baseline -0.001 -12"><span class='ocrx_word' id='word_1_75' title='bbox 167 839 227 880; x_wconf 88' lang='lat' dir='ltr'>Ut</span> <span class='ocrx_word' id='word_1_76' title='bbox 259 840 427 880; x_wconf 85' lang='lat' dir='ltr'>caderet</span> <span class='ocrx_word' id='word_1_77' title='bbox 459 839 576 880; x_wconf 88' lang='lat' dir='ltr'>cultu</span> <span class='ocrx_word' id='word_1_78' title='bbox 609 839 747 880; x_wconf 85' lang='lat' dir='ltr'>cultor</span> <span class='ocrx_word' id='word_1_79' title='bbox 779 839 830 879; x_wconf 88' lang='lat' dir='ltr'>ab</span> <span class='ocrx_word' id='word_1_80' title='bbox 863 839 954 892; x_wconf 89' lang='lat' dir='ltr'>ipse</span> <span class='ocrx_word' id='word_1_81' title='bbox 988 840 1082 880; x_wconf 83' lang='lat' dir='ltr'>suo!</span> 
     </span>
     <span class='ocr_line' id='line_1_13' title="bbox 110 897 1237 951; baseline -0.001 -13"><span class='ocrx_word' id='word_1_82' title='bbox 110 898 326 947; x_wconf 82' lang='lat' dir='ltr'>Quantum</span> <span class='ocrx_word' id='word_1_83' title='bbox 358 897 560 951; x_wconf 87' lang='lat' dir='ltr'>perfidiae</span> <span class='ocrx_word' id='word_1_84' title='bbox 592 900 753 950; x_wconf 79' lang='lat' dir='ltr'>tecum,</span> <span class='ocrx_word' id='word_1_85' title='bbox 785 897 1007 950; x_wconf 82' lang='lat' dir='ltr'>scelerate,</span> <span class='ocrx_word' id='word_1_86' title='bbox 1037 897 1237 951; x_wconf 66' lang='lat' dir='ltr'>perisset,</span> 
     </span>
     <span class='ocr_line' id='line_1_14' title="bbox 56 955 1299 1009; baseline -0.001 -13"><span class='ocrx_word' id='word_1_87' title='bbox 56 968 88 992; x_wconf 80' lang='lat'>20</span> <span class='ocrx_word' id='word_1_88' title='bbox 166 956 352 1009; x_wconf 90' lang='lat' dir='ltr'>Dempta</span> <span class='ocrx_word' id='word_1_89' title='bbox 382 955 524 995; x_wconf 86' lang='lat' dir='ltr'>forent</span> <span class='ocrx_word' id='word_1_90' title='bbox 555 955 686 1008; x_wconf 89' lang='lat' dir='ltr'>capiti</span> <span class='ocrx_word' id='word_1_91' title='bbox 718 969 846 1007; x_wconf 89' lang='lat' dir='ltr'>quam</span> <span class='ocrx_word' id='word_1_92' title='bbox 877 955 990 995; x_wconf 90' lang='lat' dir='ltr'>mala</span> <span class='ocrx_word' id='word_1_93' title='bbox 1021 955 1158 995; x_wconf 84' lang='lat' dir='ltr'>multa</span> <span class='ocrx_word' id='word_1_94' title='bbox 1188 956 1299 995; x_wconf 83' lang='lat' dir='ltr'>meo!</span> 
     </span>
     <span class='ocr_line' id='line_1_15' title="bbox 108 1012 1331 1067; baseline -0.002 -12"><span class='ocrx_word' id='word_1_95' title='bbox 108 1014 188 1055; x_wconf 86' lang='lat' dir='ltr'>Est</span> <span class='ocrx_word' id='word_1_96' title='bbox 220 1013 362 1067; x_wconf 86' lang='lat' dir='ltr'>aliqua</span> <span class='ocrx_word' id='word_1_97' title='bbox 392 1013 562 1067; x_wconf 86' lang='lat' dir='ltr'>ingrato</span> <span class='ocrx_word' id='word_1_98' title='bbox 596 1012 796 1053; x_wconf 84' lang='lat' dir='ltr'>meritum</span> <span class='ocrx_word' id='word_1_99' title='bbox 829 1013 1083 1066; x_wconf 78' lang='lat' dir='ltr'>exprobrare</span> <span class='ocrx_word' id='word_1_100' title='bbox 1116 1013 1331 1066; x_wconf 83' lang='lat' dir='ltr'>voluptas:</span> 
     </span>
     <span class='ocr_line' id='line_1_16' title="bbox 166 1071 1203 1125; baseline -0.001 -13"><span class='ocrx_word' id='word_1_101' title='bbox 166 1071 258 1112; x_wconf 87' lang='lat' dir='ltr'>Hac</span> <span class='ocrx_word' id='word_1_102' title='bbox 290 1071 425 1125; x_wconf 78' lang='lat' dir='ltr'>fruar,</span> <span class='ocrx_word' id='word_1_103' title='bbox 456 1071 560 1112; x_wconf 87' lang='lat' dir='ltr'>haec</span> <span class='ocrx_word' id='word_1_104' title='bbox 593 1071 641 1111; x_wconf 91' lang='lat' dir='ltr'>de</span> <span class='ocrx_word' id='word_1_105' title='bbox 674 1074 716 1111; x_wconf 92' lang='lat' dir='ltr'>te</span> <span class='ocrx_word' id='word_1_106' title='bbox 749 1071 902 1125; x_wconf 86' lang='lat' dir='ltr'>gaudia</span> <span class='ocrx_word' id='word_1_107' title='bbox 935 1071 1027 1111; x_wconf 86' lang='lat' dir='ltr'>sola</span> <span class='ocrx_word' id='word_1_108' title='bbox 1058 1071 1203 1112; x_wconf 87' lang='lat' dir='ltr'>feram.</span> 
     </span>
     <span class='ocr_line' id='line_1_17' title="bbox 107 1128 1227 1183; baseline -0.001 -12"><span class='ocrx_word' id='word_1_109' title='bbox 107 1129 254 1171; x_wconf 89' lang='lat' dir='ltr'>Iussus</span> <span class='ocrx_word' id='word_1_110' title='bbox 288 1130 552 1183; x_wconf 74' lang='lat' dir='ltr'>inexpertam</span> <span class='ocrx_word' id='word_1_111' title='bbox 584 1128 766 1169; x_wconf 83' lang='lat' dir='ltr'>Colchos</span> <span class='ocrx_word' id='word_1_112' title='bbox 800 1129 1017 1169; x_wconf 86' lang='lat' dir='ltr'>advertere</span> <span class='ocrx_word' id='word_1_113' title='bbox 1049 1129 1227 1183; x_wconf 88' lang='lat' dir='ltr'>puppim</span> 
     </span>
     <span class='ocr_line' id='line_1_18' title="bbox 167 1187 1026 1241; baseline -0.001 -13"><span class='ocrx_word' id='word_1_114' title='bbox 167 1187 344 1228; x_wconf 88' lang='lat' dir='ltr'>Intrasti</span> <span class='ocrx_word' id='word_1_115' title='bbox 376 1187 539 1241; x_wconf 83' lang='lat' dir='ltr'>patriae</span> <span class='ocrx_word' id='word_1_116' title='bbox 570 1201 703 1241; x_wconf 85' lang='lat' dir='ltr'>regna</span> <span class='ocrx_word' id='word_1_117' title='bbox 732 1187 860 1227; x_wconf 85' lang='lat' dir='ltr'>beata</span> <span class='ocrx_word' id='word_1_118' title='bbox 891 1202 1026 1228; x_wconf 86' lang='lat' dir='ltr'>meae:</span> 
     </span>
     <span class='ocr_line' id='line_1_19' title="bbox 61 1244 1282 1299; baseline -0.002 -12"><span class='ocrx_word' id='word_1_119' title='bbox 61 1257 93 1282; x_wconf 84' lang='lat'>25</span> <span class='ocrx_word' id='word_1_120' title='bbox 113 1246 206 1287; x_wconf 90' lang='lat' dir='ltr'>Hoc</span> <span class='ocrx_word' id='word_1_121' title='bbox 238 1246 326 1286; x_wconf 87' lang='lat' dir='ltr'>illic</span> <span class='ocrx_word' id='word_1_122' title='bbox 358 1244 506 1285; x_wconf 88' lang='lat' dir='ltr'>Medea</span> <span class='ocrx_word' id='word_1_123' title='bbox 537 1245 617 1297; x_wconf 85' lang='lat' dir='ltr'>fui,</span> <span class='ocrx_word' id='word_1_124' title='bbox 647 1259 758 1285; x_wconf 84' lang='lat' dir='ltr'>nova</span> <span class='ocrx_word' id='word_1_125' title='bbox 787 1248 923 1298; x_wconf 86' lang='lat' dir='ltr'>nupta</span> <span class='ocrx_word' id='word_1_126' title='bbox 955 1246 1069 1298; x_wconf 83' lang='lat' dir='ltr'>quod</span> <span class='ocrx_word' id='word_1_127' title='bbox 1098 1245 1167 1286; x_wconf 85' lang='lat' dir='ltr'>hic</span> <span class='ocrx_word' id='word_1_128' title='bbox 1200 1248 1282 1299; x_wconf 73' lang='lat' dir='ltr'>est3</span> 
     </span>
     <span class='ocr_line' id='line_1_20' title="bbox 169 1302 1213 1357; baseline -0.001 -13"><span class='ocrx_word' id='word_1_129' title='bbox 169 1304 306 1352; x_wconf 81' lang='lat' dir='ltr'>Quam</span> <span class='ocrx_word' id='word_1_130' title='bbox 337 1306 458 1357; x_wconf 84' lang='lat' dir='ltr'>pater</span> <span class='ocrx_word' id='word_1_131' title='bbox 491 1306 555 1343; x_wconf 89' lang='lat' dir='ltr'>est</span> <span class='ocrx_word' id='word_1_132' title='bbox 585 1302 667 1355; x_wconf 89' lang='grc'><strong>1111,</strong></span> <span class='ocrx_word' id='word_1_133' title='bbox 698 1306 787 1342; x_wconf 84' lang='lat' dir='ltr'>tam</span> <span class='ocrx_word' id='word_1_134' title='bbox 819 1303 923 1343; x_wconf 86' lang='lat' dir='ltr'>mihi</span> <span class='ocrx_word' id='word_1_135' title='bbox 956 1303 1071 1343; x_wconf 83' lang='lat' dir='ltr'>dives</span> <span class='ocrx_word' id='word_1_136' title='bbox 1104 1306 1213 1357; x_wconf 78' lang='lat' dir='ltr'>erat3</span> 
     </span>
     <span class='ocr_line' id='line_1_21' title="bbox 107 1359 1330 1415; baseline -0.001 -12"><span class='ocrx_word' id='word_1_137' title='bbox 107 1362 189 1403; x_wconf 88' lang='lat' dir='ltr'>Hic</span> <span class='ocrx_word' id='word_1_138' title='bbox 222 1362 425 1415; x_wconf 73' lang='lat' dir='ltr'>Ephyren</span> <span class='ocrx_word' id='word_1_139' title='bbox 456 1361 681 1413; x_wconf 79' lang='lat' dir='ltr'>bimarem,</span> <span class='ocrx_word' id='word_1_140' title='bbox 714 1359 890 1414; x_wconf 75' lang='lat' dir='ltr'>Scythia</span> <span class='ocrx_word' id='word_1_141' title='bbox 921 1364 1045 1401; x_wconf 90' lang='lat' dir='ltr'>tenus</span> <span class='ocrx_word' id='word_1_142' title='bbox 1077 1361 1148 1401; x_wconf 91' lang='lat' dir='ltr'>ille</span> <span class='ocrx_word' id='word_1_143' title='bbox 1179 1361 1330 1402; x_wconf 85' lang='lat' dir='ltr'>nivosa</span> 
     </span>
     <span class='ocr_line' id='line_1_22' title="bbox 168 1418 1204 1473; baseline -0.001 -13"><span class='ocrx_word' id='word_1_144' title='bbox 168 1419 300 1460; x_wconf 90' lang='lat' dir='ltr'>Omne</span> <span class='ocrx_word' id='word_1_145' title='bbox 334 1422 469 1472; x_wconf 75' lang='lat' dir='ltr'>tenet,</span> <span class='ocrx_word' id='word_1_146' title='bbox 500 1418 629 1459; x_wconf 87' lang='lat' dir='ltr'>Ponti</span> <span class='ocrx_word' id='word_1_147' title='bbox 662 1433 743 1471; x_wconf 87' lang='lat' dir='ltr'>qua</span> <span class='ocrx_word' id='word_1_148' title='bbox 774 1419 902 1473; x_wconf 80' lang='lat' dir='ltr'>plaga</span> <span class='ocrx_word' id='word_1_149' title='bbox 932 1419 1053 1459; x_wconf 84' lang='lat' dir='ltr'>laeva</span> <span class='ocrx_word' id='word_1_150' title='bbox 1082 1419 1204 1460; x_wconf 89' lang='lat' dir='ltr'>iacet.</span> 
     </span>
     <span class='ocr_line' id='line_1_23' title="bbox 109 1476 1127 1532; baseline -0.003 -13"><span class='ocrx_word' id='word_1_151' title='bbox 109 1478 277 1532; x_wconf 83' lang='lat' dir='ltr'>Accipit</span> <span class='ocrx_word' id='word_1_152' title='bbox 310 1477 498 1530; x_wconf 87' lang='lat' dir='ltr'>hospitio</span> <span class='ocrx_word' id='word_1_153' title='bbox 530 1477 702 1517; x_wconf 77' lang='lat' dir='ltr'>iuvenes</span> <span class='ocrx_word' id='word_1_154' title='bbox 736 1476 869 1517; x_wconf 81' lang='lat' dir='ltr'>Aeeta</span> <span class='ocrx_word' id='word_1_155' title='bbox 901 1476 1127 1531; x_wconf 82' lang='lat' dir='ltr'>Pelasgos,</span> 
     </span>
     <span class='ocr_line' id='line_1_24' title="bbox 56 1534 1193 1589; baseline -0.001 -12"><span class='ocrx_word' id='word_1_156' title='bbox 56 1547 89 1572; x_wconf 76' lang='lat'>80</span> <span class='ocrx_word' id='word_1_157' title='bbox 167 1536 224 1577; x_wconf 88' lang='lat' dir='ltr'>Et</span> <span class='ocrx_word' id='word_1_158' title='bbox 256 1536 448 1589; x_wconf 79' lang='lat' dir='ltr'>premitis</span> <span class='ocrx_word' id='word_1_159' title='bbox 480 1535 618 1589; x_wconf 83' lang='lat' dir='ltr'>pictos</span> <span class='ocrx_word' id='word_1_160' title='bbox 628 1569 638 1588; x_wconf 95' lang='grc'><strong>,</strong></span> <span class='ocrx_word' id='word_1_161' title='bbox 670 1548 848 1588; x_wconf 85' lang='lat' dir='ltr'>corpora</span> <span class='ocrx_word' id='word_1_162' title='bbox 881 1534 1027 1588; x_wconf 77' lang='lat' dir='ltr'>Graia,</span> <span class='ocrx_word' id='word_1_163' title='bbox 1058 1538 1193 1576; x_wconf 88' lang='lat' dir='ltr'>toros:</span> 
     </span>
     <span class='ocr_line' id='line_1_25' title="bbox 109 1592 1279 1648; baseline -0.001 -13"><span class='ocrx_word' id='word_1_164' title='bbox 109 1594 225 1635; x_wconf 70' lang='lat' dir='ltr'>Time</span> <span class='ocrx_word' id='word_1_165' title='bbox 258 1608 336 1648; x_wconf 87' lang='lat' dir='ltr'>ego</span> <span class='ocrx_word' id='word_1_166' title='bbox 369 1597 411 1634; x_wconf 90' lang='lat' dir='ltr'>te</span> <span class='ocrx_word' id='word_1_167' title='bbox 442 1593 547 1647; x_wconf 73' lang='lat' dir='ltr'>vidi,</span> <span class='ocrx_word' id='word_1_168' title='bbox 577 1596 678 1633; x_wconf 76' lang='lat' dir='ltr'>tinio</span> <span class='ocrx_word' id='word_1_169' title='bbox 711 1593 831 1646; x_wconf 90' lang='lat' dir='ltr'>coepi</span> <span class='ocrx_word' id='word_1_170' title='bbox 864 1592 988 1645; x_wconf 82' lang='lat' dir='ltr'>scire,</span> <span class='ocrx_word' id='word_1_171' title='bbox 1021 1593 1114 1646; x_wconf 86' lang='lat' dir='ltr'>quis</span> <span class='ocrx_word' id='word_1_172' title='bbox 1149 1608 1279 1648; x_wconf 81' lang='lat' dir='ltr'>esses3</span> 
     </span>
     <span class='ocr_line' id='line_1_26' title="bbox 168 1651 1027 1704; baseline -0.001 -12"><span class='ocrx_word' id='word_1_173' title='bbox 168 1651 245 1692; x_wconf 88' lang='lat' dir='ltr'>Illa</span> <span class='ocrx_word' id='word_1_174' title='bbox 276 1651 358 1691; x_wconf 84' lang='lat' dir='ltr'>fuit</span> <span class='ocrx_word' id='word_1_175' title='bbox 391 1651 544 1692; x_wconf 88' lang='lat' dir='ltr'>mentis</span> <span class='ocrx_word' id='word_1_176' title='bbox 576 1651 714 1704; x_wconf 87' lang='lat' dir='ltr'>prima</span> <span class='ocrx_word' id='word_1_177' title='bbox 745 1651 867 1691; x_wconf 86' lang='lat' dir='ltr'>ruina</span> <span class='ocrx_word' id='word_1_178' title='bbox 899 1665 1027 1691; x_wconf 86' lang='lat' dir='ltr'>meae.</span> 
     </span>
     <span class='ocr_line' id='line_1_27' title="bbox 109 1709 1104 1764; baseline 0 -14"><span class='ocrx_word' id='word_1_179' title='bbox 109 1710 166 1750; x_wconf 86' lang='lat' dir='ltr'>Et</span> <span class='ocrx_word' id='word_1_180' title='bbox 197 1710 282 1750; x_wconf 75' lang='lat' dir='ltr'>vidi</span> <span class='ocrx_word' id='word_1_181' title='bbox 314 1712 356 1750; x_wconf 90' lang='lat' dir='ltr'>et</span> <span class='ocrx_word' id='word_1_182' title='bbox 386 1709 509 1763; x_wconf 82' lang='lat' dir='ltr'>perii!</span> <span class='ocrx_word' id='word_1_183' title='bbox 542 1723 617 1750; x_wconf 84' lang='lat' dir='ltr'>nec</span> <span class='ocrx_word' id='word_1_184' title='bbox 649 1709 763 1749; x_wconf 86' lang='lat' dir='ltr'>notis</span> <span class='ocrx_word' id='word_1_185' title='bbox 796 1709 968 1763; x_wconf 80' lang='lat' dir='ltr'>ignibus</span> <span class='ocrx_word' id='word_1_186' title='bbox 1001 1710 1104 1764; x_wconf 77' lang='lat' dir='ltr'>arsi,</span> 
     </span>
     <span class='ocr_line' id='line_1_28' title="bbox 167 1767 1124 1821; baseline 0 -13"><span class='ocrx_word' id='word_1_187' title='bbox 167 1767 301 1808; x_wconf 85' lang='lat' dir='ltr'>Ardet</span> <span class='ocrx_word' id='word_1_188' title='bbox 334 1769 382 1807; x_wconf 88' lang='lat' dir='ltr'>ut</span> <span class='ocrx_word' id='word_1_189' title='bbox 414 1767 466 1807; x_wconf 89' lang='lat' dir='ltr'>ad</span> <span class='ocrx_word' id='word_1_190' title='bbox 498 1780 675 1821; x_wconf 87' lang='lat' dir='ltr'>magnos</span> <span class='ocrx_word' id='word_1_191' title='bbox 708 1767 832 1820; x_wconf 88' lang='lat' dir='ltr'>pinea</span> <span class='ocrx_word' id='word_1_192' title='bbox 858 1768 981 1808; x_wconf 86' lang='lat' dir='ltr'>taeda</span> <span class='ocrx_word' id='word_1_193' title='bbox 1013 1768 1124 1808; x_wconf 85' lang='lat' dir='ltr'>deos.</span> 
     </span>
     <span class='ocr_line' id='line_1_29' title="bbox 57 1825 1248 1878; baseline 0.004 -16"><span class='ocrx_word' id='word_1_194' title='bbox 57 1838 90 1863; x_wconf 77' lang='lat'>85</span> <span class='ocrx_word' id='word_1_195' title='bbox 110 1826 167 1866; x_wconf 86' lang='lat' dir='ltr'>Et</span> <span class='ocrx_word' id='word_1_196' title='bbox 198 1825 411 1865; x_wconf 83' lang='lat' dir='ltr'>formosus</span> <span class='ocrx_word' id='word_1_197' title='bbox 444 1839 554 1878; x_wconf 75' lang='lat' dir='ltr'>eras,</span> <span class='ocrx_word' id='word_1_198' title='bbox 586 1828 627 1865; x_wconf 89' lang='lat' dir='ltr'>et</span> <span class='ocrx_word' id='word_1_199' title='bbox 659 1839 725 1865; x_wconf 88' lang='lat' dir='ltr'>me</span> <span class='ocrx_word' id='word_1_200' title='bbox 757 1840 851 1866; x_wconf 86' lang='lat' dir='ltr'>mea</span> <span class='ocrx_word' id='word_1_201' title='bbox 882 1825 972 1866; x_wconf 88' lang='lat' dir='ltr'>fata</span> <span class='ocrx_word' id='word_1_202' title='bbox 1003 1826 1248 1867; x_wconf 84' lang='lat' dir='ltr'>trahebant:</span> 
     </span>
     <span class='ocr_line' id='line_1_30' title="bbox 167 1882 1066 1924; baseline 0 -1"><span class='ocrx_word' id='word_1_203' title='bbox 167 1882 447 1923; x_wconf 84' lang='lat' dir='ltr'>Abstulerant</span> <span class='ocrx_word' id='word_1_204' title='bbox 479 1882 590 1923; x_wconf 86' lang='lat' dir='ltr'>oculi</span> <span class='ocrx_word' id='word_1_205' title='bbox 621 1882 782 1923; x_wconf 89' lang='lat' dir='ltr'>lumina</span> <span class='ocrx_word' id='word_1_206' title='bbox 812 1886 960 1924; x_wconf 89' lang='lat' dir='ltr'>nostra</span> <span class='ocrx_word' id='word_1_207' title='bbox 991 1884 1066 1924; x_wconf 82' lang='lat' dir='ltr'>tui.</span> 
     </span>
     <span class='ocr_line' id='line_1_31' title="bbox 109 1940 1320 1994; baseline 0.001 -12"><span class='ocrx_word' id='word_1_208' title='bbox 109 1941 290 1994; x_wconf 88' lang='lat' dir='ltr'>Perfide,</span> <span class='ocrx_word' id='word_1_209' title='bbox 322 1940 503 1981; x_wconf 89' lang='lat' dir='ltr'>sensisti.</span> <span class='ocrx_word' id='word_1_210' title='bbox 554 1940 647 1993; x_wconf 89' lang='lat' dir='ltr'>quis</span> <span class='ocrx_word' id='word_1_211' title='bbox 680 1940 792 1981; x_wconf 89' lang='lat' dir='ltr'>enim</span> <span class='ocrx_word' id='word_1_212' title='bbox 823 1941 929 1981; x_wconf 89' lang='lat' dir='ltr'>bene</span> <span class='ocrx_word' id='word_1_213' title='bbox 963 1941 1072 1982; x_wconf 84' lang='lat' dir='ltr'>celat</span> <span class='ocrx_word' id='word_1_214' title='bbox 1104 1942 1320 1983; x_wconf 78' lang='lat' dir='ltr'>amorem?</span> 
     </span>
     <span class='ocr_line' id='line_1_32' title="bbox 168 1975 1048 2052; baseline 0.002 -14"><span class='ocrx_word' id='word_1_215' title='bbox 168 1975 340 2039; x_wconf 87' lang='lat' dir='ltr'>Eminet</span> <span class='ocrx_word' id='word_1_216' title='bbox 369 1988 526 2039; x_wconf 89' lang='lat' dir='ltr'>indicio</span> <span class='ocrx_word' id='word_1_217' title='bbox 557 1998 725 2052; x_wconf 78' lang='lat' dir='ltr'>plodita</span> <span class='ocrx_word' id='word_1_218' title='bbox 758 1998 929 2039; x_wconf 84' lang='lat' dir='ltr'>flamma</span> <span class='ocrx_word' id='word_1_219' title='bbox 961 2014 1048 2040; x_wconf 91' lang='lat' dir='ltr'>suo</span> 
     </span>
     <span class='ocr_line' id='line_1_33' title="bbox 110 2056 1131 2109; baseline -0.001 -11"><span class='ocrx_word' id='word_1_220' title='bbox 110 2056 278 2098; x_wconf 88' lang='lat' dir='ltr'>Dicitur</span> <span class='ocrx_word' id='word_1_221' title='bbox 308 2056 471 2097; x_wconf 87' lang='lat' dir='ltr'>interea</span> <span class='ocrx_word' id='word_1_222' title='bbox 503 2056 583 2096; x_wconf 87' lang='lat' dir='ltr'>tibi</span> <span class='ocrx_word' id='word_1_223' title='bbox 614 2056 700 2109; x_wconf 76' lang='lat' dir='ltr'>lex,</span> <span class='ocrx_word' id='word_1_224' title='bbox 730 2060 777 2097; x_wconf 88' lang='lat' dir='ltr'>ut</span> <span class='ocrx_word' id='word_1_225' title='bbox 809 2057 913 2097; x_wconf 88' lang='lat' dir='ltr'>dura</span> <span class='ocrx_word' id='word_1_226' title='bbox 943 2057 1131 2098; x_wconf 88' lang='lat' dir='ltr'>fer01um</span> 
     </span>
     <span class='ocr_line' id='line_1_34' title="bbox 56 2114 1109 2168; baseline 0.004 -17"><span class='ocrx_word' id='word_1_227' title='bbox 56 2128 90 2151; x_wconf 80' lang='lat'>40</span> <span class='ocrx_word' id='word_1_228' title='bbox 168 2114 347 2155; x_wconf 85' lang='lat' dir='ltr'>Insolito</span> <span class='ocrx_word' id='word_1_229' title='bbox 378 2128 590 2168; x_wconf 85' lang='lat' dir='ltr'>premeres</span> <span class='ocrx_word' id='word_1_230' title='bbox 623 2128 790 2155; x_wconf 79' lang='lat' dir='ltr'>vomere</span> <span class='ocrx_word' id='word_1_231' title='bbox 823 2115 932 2155; x_wconf 90' lang='lat' dir='ltr'>colla</span> <span class='ocrx_word' id='word_1_232' title='bbox 963 2115 1109 2156; x_wconf 88' lang='lat' dir='ltr'>boum:</span> 
     </span>
     <span class='ocr_line' id='line_1_35' title="bbox 108 2172 1300 2227; baseline 0.003 -15"><span class='ocrx_word' id='word_1_233' title='bbox 108 2172 260 2213; x_wconf 85' lang='lat' dir='ltr'>Martis</span> <span class='ocrx_word' id='word_1_234' title='bbox 293 2175 413 2213; x_wconf 86' lang='lat' dir='ltr'>erant</span> <span class='ocrx_word' id='word_1_235' title='bbox 444 2172 555 2212; x_wconf 84' lang='lat' dir='ltr'>tauri</span> <span class='ocrx_word' id='word_1_236' title='bbox 587 2172 681 2225; x_wconf 85' lang='lat' dir='ltr'>plus</span> <span class='ocrx_word' id='word_1_237' title='bbox 715 2187 841 2226; x_wconf 88' lang='lat' dir='ltr'>quam</span> <span class='ocrx_word' id='word_1_238' title='bbox 872 2187 947 2226; x_wconf 87' lang='lat' dir='ltr'>per</span> <span class='ocrx_word' id='word_1_239' title='bbox 979 2188 1137 2214; x_wconf 85' lang='lat' dir='ltr'>cornua</span> <span class='ocrx_word' id='word_1_240' title='bbox 1169 2175 1300 2227; x_wconf 71' lang='lat' dir='ltr'>saevi,</span> 
     </span>
     <span class='ocr_line' id='line_1_36' title="bbox 167 2230 1078 2285; baseline 0.001 -14"><span class='ocrx_word' id='word_1_241' title='bbox 167 2230 355 2279; x_wconf 83' lang='lat' dir='ltr'>Quorum</span> <span class='ocrx_word' id='word_1_242' title='bbox 386 2230 588 2270; x_wconf 85' lang='lat' dir='ltr'>terribilis</span> <span class='ocrx_word' id='word_1_243' title='bbox 621 2230 795 2283; x_wconf 87' lang='lat' dir='ltr'>spiritus</span> <span class='ocrx_word' id='word_1_244' title='bbox 826 2230 939 2285; x_wconf 84' lang='lat' dir='ltr'>ignis</span> <span class='ocrx_word' id='word_1_245' title='bbox 972 2234 1078 2284; x_wconf 85' lang='lat' dir='ltr'>erat,</span> 
     </span>
     <span class='ocr_line' id='line_1_37' title="bbox 108 2288 1216 2344; baseline 0.002 -15"><span class='ocrx_word' id='word_1_246' title='bbox 108 2290 216 2329; x_wconf 82' lang='lat' dir='ltr'>Aere</span> <span class='ocrx_word' id='word_1_247' title='bbox 248 2289 374 2342; x_wconf 84' lang='lat' dir='ltr'>pedes</span> <span class='ocrx_word' id='word_1_248' title='bbox 408 2288 531 2328; x_wconf 88' lang='lat' dir='ltr'>solidi</span> <span class='ocrx_word' id='word_1_249' title='bbox 563 2291 865 2342; x_wconf 86' lang='lat' dir='ltr'>praetentaque</span> <span class='ocrx_word' id='word_1_250' title='bbox 896 2289 1070 2330; x_wconf 86' lang='lat' dir='ltr'>naribus</span> <span class='ocrx_word' id='word_1_251' title='bbox 1103 2304 1216 2344; x_wconf 83' lang='lat' dir='ltr'>aera,</span> 
     </span>
     <span class='ocr_line' id='line_1_38' title="bbox 166 2346 1246 2402; baseline 0.003 -16"><span class='ocrx_word' id='word_1_252' title='bbox 166 2346 301 2401; x_wconf 76' lang='lat' dir='ltr'>Nigra</span> <span class='ocrx_word' id='word_1_253' title='bbox 332 2360 406 2400; x_wconf 88' lang='lat' dir='ltr'>per</span> <span class='ocrx_word' id='word_1_254' title='bbox 438 2346 619 2387; x_wconf 86' lang='lat' dir='ltr'>adflatus</span> <span class='ocrx_word' id='word_1_255' title='bbox 651 2346 753 2387; x_wconf 83' lang='lat' dir='ltr'>haec</span> <span class='ocrx_word' id='word_1_256' title='bbox 786 2361 952 2401; x_wconf 84' lang='lat' dir='ltr'>quoque</span> <span class='ocrx_word' id='word_1_257' title='bbox 983 2347 1097 2389; x_wconf 88' lang='lat' dir='ltr'>facta</span> <span class='ocrx_word' id='word_1_258' title='bbox 1129 2363 1246 2402; x_wconf 77' lang='lat' dir='ltr'>suos3</span> 
     </span>
    </p>
   </div>
   <div class='ocr_carea' id='block_1_3' title="bbox 0 2424 1674 2662">
    <p class='ocr_par' dir='ltr' id='par_1_3' title="bbox 0 2424 1674 2662">
     <span class='ocr_line' id='line_1_39' title="bbox 0 2424 1674 2662; baseline 0 0"><span class='ocrx_word' id='word_1_259' title='bbox 0 2424 1674 2662; x_wconf 95' lang='lat' dir='ltr'> </span> 
     </span>
    </p>
   </div>
  </div>
 </body>
</html>
