1674 2662
696 160 857 187 695—768.
1378 150 1461 191 267

182 244 311 287 Vivet
343 248 384 286 et
417 260 438 286 e
470 245 647 286 minimo
680 244 890 286 maximus
922 244 1035 299 ignis
1067 244 1166 300 erit,

127 302 213 357 Sic,
242 303 326 344 nisi
358 303 526 358 vitaris,
557 303 761 357 quidquid
792 303 1015 344 renovabit
1047 317 1255 357 amorem,

183 361 377 403 Flamma
408 362 692 415 redardescet,
724 375 830 415 quae
863 361 988 402 modo
1020 360 1137 402 nulla
1168 361 1261 402 fuit.

59 431 108 458 ‘135
126 419 352 474 Argolides
385 422 587 474 cuperent
617 418 780 474 fugisse
813 417 1031 473 Capherea
1062 433 1244 473 puppes,

182 477 344 532 Teque,
376 492 502 518 senex
531 477 671 518 luctus
703 477 875 532 ignibus
907 477 996 518 ulte
1028 479 1144 532 tuos,

125 535 361 577 Praeterita
394 538 542 577 cautus
575 534 748 576 Niseide
779 535 925 576 navita
957 535 1128 590 gaudet:

184 593 248 634 Tu
277 593 388 648 loca,
421 608 527 647 quae
558 593 739 634 nimium
771 596 894 648 grata
924 592 1059 648 fuere,
1090 595 1207 645 cave!

125 651 242 692 Haec
273 651 354 692 tibi
386 651 472 692 sint
506 650 670 706 Syrtes,
700 651 804 692 haec
836 651 1150 693 Acroceraunia
1182 652 1288 706 vita3

57 722 108 748 ¹140
183 708 265 751 Hic
297 710 432 750 vomit
463 713 610 764 epotas
643 709 734 750 dira
766 709 1002 763 Charybdis
1039 724 1181 763 aquas.

127 766 254 822 Sunt,
285 781 392 821 quae
423 782 510 808 non
540 770 721 822 possunt
753 767 896 820 aliquo
929 770 1107 822 cogente
1138 768 1294 821 iuberi,

185 824 317 879 Saepe
349 828 494 866 tamen
526 840 627 867 casu
656 826 771 867 facta
801 825 946 866 iuvare
979 825 1127 866 solent.

125 882 280 924 Perdat
312 897 412 937 opes
443 883 652 925 Phaedra:
683 898 849 938 parces,
880 883 1098 938 Neptune,
1128 883 1294 938 nepoti,

183 940 273 982 Nec
303 941 432 982 faciet
462 942 637 995 pavidos
670 944 817 982 taurus
851 941 990 982 avitus
1023 955 1164 995 equos.

59 1011 109 1038 ‘145
131 997 336 1051 [Gnosida
367 1000 540 1040 fecisses
571 999 761 1053 inopem,
793 999 1007 1053 sapienter
1038 1002 1239 1040 amasset:

183 1057 357 1098 Divitiis
390 1057 519 1098 alitur
549 1057 793 1098 luxuriosus
820 1059 968 1109 amon]

127 1113 212 1156 Cur
240 1119 429 1170 nemost,
458 1115 664 1170 Hecalen,
694 1115 874 1170 nullast,
906 1129 1012 1168 quae
1045 1115 1204 1169 ceperit
1236 1115 1366 1156 Iron‘?

184 1171 348 1227 Nempe
381 1174 493 1226 quod
525 1174 631 1214 alter
662 1187 810 1228 egens,
841 1173 975 1214 altera
1004 1188 1166 1227 pauper
1197 1175 1299 1215 erat.

16 1280 17 1283 Ἴ
125 1230 166 1271 N
171 1245 225 1271 on
255 1231 403 1286 habet,
435 1231 544 1272 unde
577 1246 701 1272 suum
730 1234 960 1285 paupertas
990 1235 1139 1285 pascat
1171 1246 1376 1273 amorem:

57 1301 108 1328 750
184 1288 284 1330 Non
314 1292 458 1330 tamen
488 1289 569 1331 hoc
602 1289 773 1343 tantist,
803 1304 964 1343 pauper
995 1291 1043 1329 ut
1075 1303 1166 1330 esse
1198 1290 1313 1331 velis.

125 1346 184 1388 At
215 1347 326 1388 tanti
358 1347 439 1388 tibi
471 1348 544 1402 sit,
575 1361 662 1388 non
691 1347 912 1402 indulgere
943 1347 1142 1401 theatris,

183 1405 298 1446 Dum
328 1405 434 1446 bene
468 1406 517 1446 de
549 1420 681 1447 vacuo
713 1408 885 1459 pectore
918 1405 1039 1446 cedat
1069 1418 1199 1446 amor.

125 1463 343 1505 Enervant
376 1464 539 1504 animos
573 1463 761 1504 citharae
791 1463 988 1516 lotosque
1022 1463 1221 1517 lyraeque

183 1521 242 1563 Et
273 1536 355 1563 vox
387 1525 429 1563 et
458 1521 646 1562 numeris
678 1521 878 1563 bracchia
909 1524 1027 1562 mota
1059 1521 1157 1562 suis.

59 1591 108 1618 ‘155
127 1578 220 1621 Illic
252 1580 425 1621 adsidue
456 1580 546 1621 ficti
579 1579 791 1621 saltantur
823 1582 1031 1620 amantes:

185 1636 294 1686 Quid
326 1652 492 1692 caveas,
525 1640 661 1693 actor,
693 1638 794 1691 quid
824 1638 958 1692 iuvet,
989 1639 1079 1678 arte
1112 1637 1246 1679 docet.

126 1695 315 1749 Eloquar
345 1696 522 1737 invitus:
554 1699 724 1738 teneros
755 1710 807 1737 ne
839 1699 969 1751 tange
1000 1696 1166 1749 poetas!

185 1752 439 1795 Summoveo
473 1755 593 1796 dotes
624 1754 759 1809 ipsius
790 1754 882 1808 ipse
914 1768 1042 1794 meas.

127 1809 435 1854 Callimachum
465 1813 624 1867 fugito:
655 1827 743 1854 non
775 1816 839 1854 est
870 1812 1067 1853 inimicus
1101 1811 1268 1865 Amori3

59 1882 108 1908 wo
185 1870 244 1911 Et
275 1885 371 1912 cum
403 1869 665 1912 Callimacho
697 1874 745 1912 tu
778 1885 964 1924 quoque,
996 1868 1100 1924 Coe,
1129 1883 1275 1924 noces3

125 1926 192 1969 Me
225 1932 337 1970 certe
370 1927 542 1983 Sappho
574 1929 794 1970 meliorem
825 1928 928 1969 fecit
960 1928 1138 1982 amicae,

182 1985 272 2028 Nec
303 1987 464 2042 rigidos
496 2001 636 2028 mores
668 1987 770 2028 Teia
801 1986 924 2027 Musa
955 1985 1081 2026 dedit.

126 2041 324 2085 Carmina
356 2044 450 2098 quis
481 2045 624 2099 potuit
655 2048 751 2086 tuto
783 2044 938 2099 legisse
968 2043 1128 2084 Tibulli

182 2101 263 2143 Vel
293 2105 385 2157 tua,
417 2103 536 2145 cuius
570 2117 675 2157 opus
709 2101 894 2157 Cynthia
925 2102 1017 2143 sola
1047 2101 1160 2142 fuit‘.>

57 2169 106 2196 ‘1¹65
126 2158 228 2208 Quis
258 2161 418 2214 poterit
448 2161 560 2202 lecto
594 2161 722 2201 durus
756 2159 968 2214 discedere
1001 2158 1154 2200 Gallo?

182 2218 240 2259 Et
271 2233 365 2259 mea
394 2219 538 2260 nescio
571 2218 672 2272 quid
704 2218 890 2259 carmina
921 2218 1006 2259 tale
1038 2220 1204 2259 sonant.

125 2274 245 2324 Quod
276 2276 359 2317 nisi
391 2277 475 2317 dux
508 2276 647 2330 operis
680 2279 821 2317 vatem
852 2276 1085 2317 frustratur
1115 2275 1290 2331 Apollo,

182 2333 386 2375 Aemulus
419 2337 484 2375 est
514 2334 653 2375 nostri
684 2334 869 2375 maxima
901 2348 1029 2376 causa
1059 2334 1173 2376 mali.
