1690 2656
235 167 292 209 98
747 162 1040 198 HEROIDES.

236 262 461 304 Fluctibus
494 261 676 302 eiectum
707 262 803 299 tuta
835 258 1019 299 statione
1050 258 1190 312 recepi

185 333 219 358 90
297 321 465 373 Vixque
497 320 604 359 bene
637 317 782 358 audito
815 316 986 358 nomine
1018 330 1150 371 regna
1182 316 1287 357 dedi.

237 379 317 420 His
350 382 494 419 tamen
527 376 679 417 officiis
711 375 877 416 utinam
909 377 1110 416 contenta
1141 374 1337 428 fuissem,

297 437 355 478 Et
388 435 493 476 mihi
527 434 780 476 concubitus
811 433 926 474 fama
959 433 1126 487 sepulta
1156 432 1283 473 foret!

238 495 319 536 Illa
352 494 440 535 dies
472 493 638 547 nocuit,
671 507 754 546 qua
783 506 862 533 nos
895 491 1053 533 declive
1086 491 1164 532 sub
1199 493 1369 532 antrum

299 552 527 593 Caeruleus
561 551 715 592 subitis
749 550 940 604 conpulit
970 550 1108 590 imber
1140 549 1271 603 aquis.

187 623 219 648 95
240 611 473 652 Audieram
504 624 668 651 vocem:
698 609 911 663 nymphas
942 608 1128 649 ululasse
1159 607 1326 662 putavi,

296 668 555 710 Eumenides
586 668 687 708 fatis
719 667 843 722 signa
875 667 1024 707 dedere
1056 666 1173 707 meis

238 728 395 782 Exige,
424 727 538 768 laese
569 727 723 781 pudor,
753 726 929 779 poena-s!
962 725 1120 765 violate
1148 723 1328 778 Sychaei
1350 756 1474 764 .....

296 786 364 827 Ad
397 800 520 839 quas,
551 799 618 825 me
650 784 867 838 miseram,
897 784 1023 838 plena
1053 783 1228 837 pudoiis
1261 797 1322 823 eo.

239 844 320 885 Est
351 844 458 885 mihi
489 857 728 884 marmorea
760 845 950 884 sacratus
981 842 1027 882 in
1060 842 1160 882 aede
1194 840 1409 895 Sychaeus

170 914 220 938 100
298 902 548 957 (Oppositae
579 901 751 942 frondes
782 901 1022 954 velleraque
1054 900 1152 941 alba
1182 902 1370 955 tegunt):

238 961 352 1002 Hinc
384 975 463 1015 ego
496 975 562 1001 me
596 960 708 1001 sensi
740 962 844 1000 noto
871 962 1022 1012 quater
1054 972 1125 999 ore
1158 958 1300 1013 citari,

298 1020 395 1074 Ipse
428 1032 533 1060 sono
566 1018 684 1059 tenui
716 1017 823 1058 dixit
857 1017 1032 1071 ‘Elissa,
1063 1016 1192 1057 venil'

238 1077 371 1119 Nulla
401 1079 583 1130 morast,
613 1076 755 1129 venio,
786 1075 910 1117 venio
937 1075 1018 1116 tibi
1050 1075 1192 1116 dedita
1224 1074 1425 1128 coniunx3

301 1136 405 1177 Sum
435 1139 580 1176 tamen
612 1134 787 1175 admissi
818 1134 941 1175 tarda
970 1134 1131 1188 pudore
1163 1133 1258 1174 mei.

171 1206 220 1231 105
240 1195 307 1236 Da
338 1194 506 1236 veniam
537 1193 701 1247 culpae!
735 1192 901 1246 decepit
931 1192 1109 1233 idoneus
1142 1195 1308 1233 auctor:

298 1252 510 1294 Invidiam
541 1265 677 1292 noxae
709 1251 895 1292 detrahit
925 1250 997 1291 ille
1030 1264 1159 1291 meae.

240 1312 351 1353 Diva
382 1325 533 1365 parens
568 1309 792 1363 seniorque
824 1311 963 1363 pater,
996 1308 1068 1363 pia
1100 1308 1265 1349 sarcina
1296 1308 1406 1362 nati,

300 1369 428 1424 Spem
459 1368 565 1409 mihi
597 1367 788 1409 mansuri
818 1367 899 1409 rite
932 1367 1080 1408 dedere
1112 1367 1210 1421 viri,

243 1427 287 1470 Si
319 1428 403 1469 fuit
434 1427 679 1481 errandum,
711 1441 859 1468 causas
891 1426 1023 1467 habet
1054 1439 1172 1466 error
1202 1425 1421 1467 honestas:

171 1497 222 1522 110
300 1486 421 1528 Adde
452 1486 598 1539 fidem,
628 1485 746 1525 nulla
776 1487 898 1539 parte
929 1484 1138 1539 pigendus
1171 1484 1263 1524 erit.

241 1545 381 1586 Durat
412 1544 458 1585 in
489 1547 727 1585 extremum
757 1543 955 1596 vitaeque
987 1542 1221 1583 novissima
1251 1545 1422 1583 nostrae

299 1603 581 1657 Prosequitur
611 1602 709 1656 fati,
741 1602 813 1655 qui
844 1601 927 1642 fuit
960 1604 1076 1655 ante,
1107 1604 1247 1641 tenor:

243 1661 408 1703 Occidit
438 1661 628 1702 internas
661 1660 846 1702 coniunx
876 1662 1089 1701 mactatus
1122 1659 1175 1699 ad
1206 1673 1320 1714 aras,

301 1720 359 1761 Et
392 1719 562 1761 sceleris
593 1719 704 1760 tanti
735 1718 925 1772 praemia
955 1717 1088 1759 frater
1118 1717 1266 1772 habet,

174 1790 223 1815 115
243 1779 355 1820 Exul
387 1792 492 1833 agor
524 1778 769 1831 cineresque
800 1776 881 1818 viri
912 1776 1181 1831 patriamque
1212 1775 1405 1830 relinquo

301 1837 359 1878 Et
391 1836 505 1877 feror
535 1836 581 1876 in
613 1836 738 1876 duras
770 1835 893 1876 hoste
927 1837 1128 1889 sequente
1160 1834 1269 1889 vias3

243 1895 449 1950 Adplicor
478 1894 641 1950 ignotis
673 1893 880 1947 fratrique
913 1893 1057 1947 elapsa
1088 1893 1282 1947 fretoque

303 1954 425 2001 Quod
456 1953 538 1994 tibi
571 1952 741 2006 donavi,
772 1952 948 2006 perfide,
979 1952 1082 1992 litus
1115 1966 1228 2006 emo,

244 2010 405 2052 Urbem
437 2011 642 2052 constitui
673 2011 842 2064 lateque
874 2010 1066 2064 patentia
1098 2010 1170 2051 fixi

175 2081 226 2106 120
304 2069 474 2110 Moenia
505 2069 700 2110 finitimis
731 2068 942 2110 invidiosa
973 2069 1090 2110 locis.

245 2127 365 2168 Bella
397 2131 581 2169 tument:
613 2128 736 2169 bellis
769 2127 994 2182 peregrina
1025 2130 1066 2167 et
1097 2125 1257 2167 femina
1290 2127 1495 2179 temptor,

303 2185 472 2239 Vixque
503 2186 620 2227 rudis
651 2189 799 2240 portas
831 2186 949 2226 urbis
982 2188 1024 2226 et
1056 2200 1174 2226 arma
1203 2198 1326 2239 paro,

245 2243 363 2285 Mille
395 2243 536 2297 procis
568 2244 728 2298 placui,
760 2244 833 2298 qui
865 2259 931 2285 me
963 2244 1100 2285 coiere
1133 2245 1357 2297 querentes

305 2301 461 2344 Nescio
496 2315 620 2355 quem
651 2302 851 2343 thalamis
883 2302 1180 2356 praeposuisse
1213 2301 1317 2342 suis:

178 2373 226 2398 125
248 2360 359 2410 Quid
391 2359 561 2401 dubitas
593 2360 780 2401 vinctam
814 2359 994 2401 Gaetulo
1026 2361 1191 2401 tradere
1223 2358 1402 2400 Iarbae?
