1674 2662
520 159 632 194 VIIII.
659 158 934 193 DEIANIRA
958 168 1101 195 59—132.
1402 161 1481 201 107

203 254 375 296 Fertilis
409 257 451 295 et
483 253 647 295 damnis
681 254 796 295 dives
830 254 882 294 ab
914 254 1008 308 ipsa
1040 253 1147 308 suis,

147 313 311 366 Quique
342 312 455 354 inter
486 312 736 365 laevumque
769 312 881 353 latus
914 312 1165 366 laevumque
1196 313 1404 355 lacertum

202 370 440 426 Praegrave
473 384 702 425 conpressa
733 370 854 411 fauce
885 370 1087 424 pependit
1120 385 1244 426 011115,

143 429 202 470 Ε1
233 429 343 470 male
377 429 584 471 confisum
616 428 794 482 pedibus
826 428 1047 482 formaque
1080 429 1306 471 bimembri

76 499 126 524 100
202 487 382 528 Pulsum
413 487 670 528 Thessalicis
705 501 859 541 agmen
890 490 1084 540 equestre
1115 487 1241 542 iugis.

143 545 260 587 Haec
292 548 340 586 tu
373 544 548 587 Sidonio
580 546 702 599 potes
734 545 964 600 insignitus
998 545 1158 586 amictu

201 603 383 645 Dicere?
415 618 502 645 non
534 604 652 645 cultu
684 603 831 658 lingua
863 606 1030 644 retenta
1062 603 1188 644 silet?

146 661 197 703 Se
231 676 399 716 quoque
430 662 619 717 nympha
650 662 736 702 tuis
770 661 937 702 ornavit
968 661 1160 702 Iardanis
1193 660 1321 702 armis

201 719 260 761 Et
291 720 393 762 tulit
425 735 449 761 a
481 723 606 774 capto
638 723 743 761 nota
774 723 950 774 tropaea
981 719 1084 760 viro.

74 791 123 815 105
144 778 165 819 I
194 793 326 832 nunc,
360 779 464 820 tolle
498 778 662 819 animos
696 781 738 819 et
769 778 900 819 fortia
932 780 1053 832 gesta
1084 791 1271 819 recense:

203 836 325 885 Quod
355 840 404 878 tu
434 850 522 877 non
553 851 685 891 esses,
715 836 805 877 iure
837 836 902 877 vir
931 836 1007 877 illa
1038 836 1139 890 fuit,

145 894 238 944 Qua
270 898 392 936 tanto
424 894 564 935 minor
596 909 659 948 05,
691 897 851 947 quanto
884 897 945 948 te,
977 894 1159 935 maxime
1191 907 1351 945 10111111,

204 953 341 1002 Quam
373 966 479 1006 quos
510 952 670 1005 vicisti,
702 952 866 993 vincere
899 952 1036 992 maius
1069 955 1170 993 erat.

143 1010 213 1052 Illi
244 1010 436 1065 procedit
467 1025 610 1051 rerum
641 1024 839 1051 mensura
870 1012 1058 1050 tuarum:

75 1082 124 1106 110
203 1068 313 1111 Cede
345 1068 485 1110 bonis!
518 1069 641 1110 heres
674 1068 811 1109 laudis
845 1068 981 1109 amica
1012 1071 1122 1109 tuae.

144 1127 178 1168 O
204 1128 357 1182 pudor!
388 1127 546 1168 hirsuti
578 1126 710 1168 costis
742 1129 870 1167 exuta
901 1126 1037 1167 leonis

203 1186 368 1240 Aspera
397 1187 595 1226 texerunt
626 1185 784 1225 vellera
816 1185 944 1225 molle
976 1184 1106 1225 latus!

143 1244 323 1285 Falleris
357 1246 399 1284 et
429 1243 583 1284 nescis:
615 1257 702 1283 non
733 1245 833 1283 sunt
865 1242 1001 1296 spolia
1031 1242 1108 1282 illa
1139 1241 1293 1295 leonis,

205 1301 287 1343 Sed
318 1305 409 1354 tua,
440 1304 571 1354 tuque
602 1300 683 1341 feri
714 1300 852 1341 victor
884 1314 946 1354 es,
976 1300 1052 1340 illa
1082 1300 1158 1340 tui.

75 1372 125 1398 115
144 1360 323 1402 Femina
354 1359 439 1400 tela
470 1359 572 1400 tulit
604 1358 806 1399 Lernaeis
839 1361 931 1398 atra
962 1357 1135 1398 venenis

203 1418 332 1459 Ferre
365 1432 538 1472 gravem
570 1417 668 1457 lana
699 1416 770 1457 vix
802 1416 906 1457 satis
940 1419 1039 1470 apta
1074 1416 1215 1456 colum

144 1476 438 1529 Instruxitque
471 1489 644 1516 manum
677 1475 796 1516 clava
831 1474 1054 1515 domitrice
1087 1473 1273 1514 ferarum

202 1534 324 1576 Vidit
357 1537 399 1575 et
429 1534 475 1574 in
506 1534 678 1587 speculo
713 1532 906 1587 coniugis
940 1547 1057 1573 arma
1091 1531 1166 1572 sui.

144 1593 261 1634 Haec
293 1596 438 1634 tamen
469 1592 702 1646 audieram3
733 1591 855 1632 licuit
885 1604 972 1631 non
1003 1590 1170 1631 credere
1203 1589 1359 1644 famae,

77 1665 127 1690 120
206 1652 265 1693 Et
295 1651 412 1692 venit
443 1651 497 1692 ad
529 1664 676 1691 sensus
708 1649 851 1690 mollis
884 1649 936 1689 ab
970 1662 1068 1689 aure
1101 1648 1239 1688 dolor:

145 1710 258 1751 Ante
290 1723 407 1750 meos
441 1709 586 1751 oculos
620 1707 844 1749 adducitur
876 1707 1036 1747 advena
1067 1707 1234 1760 paelex,

204 1768 294 1810 Nec
326 1767 451 1822 mihi,
483 1781 590 1820 quae
621 1766 781 1820 patior,
812 1765 1079 1806 dissimulare
1112 1764 1228 1805 licet!

145 1826 246 1868 Non
278 1826 381 1867 sinis
415 1825 565 1866 averti:
597 1825 781 1865 mediam
813 1824 983 1878 captiva
1013 1837 1088 1877 per
1119 1823 1269 1863 urbem

203 1884 356 1926 Invitis
390 1883 524 1925 oculis
557 1882 828 1936 adspicienda
858 1882 994 1935 venit,

78 1954 128 1979 125
147 1943 237 1985 Nec
268 1942 385 1983 venit
414 1941 589 1983 incultis
623 1944 844 1994 captarum
870 1954 987 1980 more
1021 1938 1205 1993 capillis,

204 2001 443 2042 Fortunam
473 2000 617 2040 vultus
649 1999 764 2039 fassa
795 2000 967 2053 tegente
999 1997 1178 2052 †suam;

146 2059 390 2114 Ingreditur
422 2059 508 2099 late
540 2057 628 2098 lato
661 2056 909 2111 spectabilis
943 2069 1065 2109 auro,

206 2116 398 2165 Qualiter
428 2116 475 2157 in
505 2115 693 2170 Phrygia
724 2118 772 2155 tu
804 2128 971 2167 quoque
1005 2113 1146 2154 cultus
1179 2127 1288 2167 eras3

147 2175 234 2216 Dat
266 2175 432 2215 vultum
463 2174 622 2228 populo
656 2172 836 2228 sublime
869 2172 948 2212 sub
981 2171 1164 2212 Hercule
1195 2171 1326 2213 victo:

79 2244 130 2269 130
206 2232 453 2274 Oechaliam
483 2232 580 2272 vivo
615 2234 727 2271 stare
757 2233 932 2284 parente
963 2232 1105 2284 putes3

147 2290 349 2332 Forsitan
379 2293 421 2331 et
451 2290 575 2344 pulsa
606 2289 803 2330 Aetolide
835 2288 1038 2329 Deianira

205 2348 390 2390 Nomine
422 2347 617 2402 deposito
649 2346 824 2401 paelicis
856 2360 963 2387 uxor
995 2346 1090 2400 erit,
