1690 2656
294 165 380 207 224
747 165 851 199 ARS
877 163 1182 199 AMATORIA.

295 259 402 302 Cum
434 275 555 302 mora
585 274 672 301 non
704 262 859 313 tutast,
890 259 996 300 totis
1027 259 1272 300 incumbere
1304 258 1432 299 remis

352 318 469 360 Utile
503 322 545 359 et
577 318 762 359 admisso
798 318 977 359 subdere
1010 318 1148 359 calcar
1180 331 1300 371 equo.

294 377 413 419 Finis
447 377 567 417 adest
601 377 735 430 operi:
766 377 953 431 palmam
986 377 1100 429 date,
1128 378 1251 431 grata
1281 375 1500 430 iuventus,

356 435 561 489 Sertaque
595 436 796 476 odoratae
829 438 995 489 myrtea
1025 435 1133 475 ferte
1167 434 1329 475 comae!

226 506 275 531 735
297 494 490 543 Quantus
523 494 636 548 apud
666 493 840 534 Danaos
873 493 1113 534 Podalirius
1146 496 1236 534 arte
1269 491 1481 545 medendi,

353 552 560 593 Aeacides
594 553 759 606 dextra,
797 555 968 606 pectore
1000 551 1160 592 Nestor
1191 554 1299 605 erat,

296 610 489 659 Quantus
522 613 614 651 erat
645 609 825 652 Calchas
858 611 986 663 extis,
1017 609 1290 651 Telamonius
1323 607 1467 661 armis,

354 669 629 710 Automedon
660 684 803 723 curru,
836 672 982 710 tantus
1015 671 1181 709 amator
1213 682 1305 723 ego.

295 727 364 768 Me
396 730 539 769 vatem
571 728 801 782 celebrate,
832 727 930 781 viri7
962 727 1067 768 mihi
1100 727 1226 767 dicite
1259 726 1424 780 laudes,

226 798 276 822 740
356 784 564 827 Cantetur
595 789 689 827 toto
721 801 878 827 nomen
908 786 954 826 in
987 786 1087 826 orbe
1119 786 1279 826 meum!

295 843 429 885 Arma
461 845 555 885 dedi
587 845 728 898 vobis3
760 845 933 885 dederat
962 844 1181 885 Vulcanus
1213 842 1390 884 Achilli:

355 903 526 945 Vincite
559 903 826 958 muneribus,
857 903 962 944 vicit
993 906 1041 943 ut
1072 902 1160 956 1116,
1193 902 1320 942 datis!

297 960 379 1002 Sed
411 962 665 1015 quicumque
698 976 793 1002 meo
826 961 1037 1015 superarit
1068 961 1287 1001 Amazona
1318 960 1450 1013 ferro,

354 1019 568 1061 Inscribat
600 1019 748 1074 spoliis
783 1019 915 1061 ‘Naso
947 1019 1154 1074 magister
1186 1018 1304 1059 erat'.

226 1147 276 1173 745
296 1136 426 1191 Ecce,
457 1140 614 1192 rogant
645 1139 836 1190 tenerae,
868 1136 951 1177 sibi
984 1136 1078 1176 dem
1109 1138 1355 1190 praecepta,
1384 1134 1562 1189 puellae.

353 1195 444 1237 Vos
478 1195 596 1236 eritis
623 1195 795 1236 chartae
826 1194 1022 1249 proxima
1054 1209 1155 1235 cura
1186 1195 1320 1234 meae!

715 1337 905 1383 LIBER
941 1335 1222 1382 TERTIUS.

296 1428 430 1470 Arma
462 1428 557 1470 dedi
588 1428 750 1470 Danais
782 1428 829 1468 in
859 1427 1118 1469 Amazonas:
1151 1442 1268 1468 arma
1299 1428 1545 1480 supersunt,

357 1487 472 1545 Quae
504 1487 585 1528 tibi
618 1488 712 1528 (lem
745 1490 787 1528 et
819 1490 1003 1541 turmae7
1034 1485 1323 1539 Penthesilea,
1354 1488 1464 1525 tuae.

296 1545 362 1587 Ite
393 1546 439 1586 in
471 1546 584 1586 bella
615 1560 755 1599 pares:
787 1545 978 1599 vincant,
1011 1544 1166 1598 quibus
1199 1544 1311 1584 alma
1341 1542 1480 1584 Dione

354 1604 528 1645 Faverit
561 1607 620 1658 et,
652 1607 746 1645 toto
780 1604 852 1657 qui
884 1604 1000 1644 volat
1033 1603 1153 1656 orbe,
1184 1603 1304 1656 puer!

261 1674 276 1699 5
296 1661 397 1703 Non
428 1665 519 1703 erat
553 1663 729 1703 armatis
763 1677 945 1715 aequum
977 1675 1226 1702 concurrere
1257 1660 1410 1701 nudas:

358 1720 427 1762 Sic
459 1721 589 1762 etiam
621 1720 743 1761 vobis
774 1721 941 1761 Vincere
973 1723 1115 1773 turpe,
1146 1719 1237 1759 viri.

296 1779 468 1820 Dixerit
499 1794 520 1820 6
553 1778 699 1820 multis
734 1779 887 1833 aliquis
921 1778 1037 1831 ‘quid
1069 1777 1184 1818 Virus
1217 1777 1262 1817 in
1294 1776 1445 1832 anguis

356 1837 501 1879 Adicis
535 1841 576 1878 et
608 1837 779 1878 rabidae
811 1837 945 1877 tradis
979 1836 1088 1877 ovile
1120 1834 1289 1890 lupae‘.>9

296 1895 465 1937 Parcite
498 1911 731 1950 paucarum
763 1896 995 1935 diffundere
1029 1894 1190 1936 crimen
1220 1894 1266 1934 in
1298 1907 1463 1947 omnes3

246 1965 278 1989 10
359 1953 584 2008 Spectetur
616 1954 780 1995 meritis
814 1968 1003 2007 quaeque
1035 1953 1177 2007 puella
1210 1952 1314 1993 suis!

299 2012 343 2053 Si
376 2012 515 2053 minor
545 2012 718 2053 Atrides
750 2012 960 2065 Helenen,
991 2012 1258 2064 Helenesque
1292 2024 1481 2050 sororem

357 2070 449 2118 Quo
481 2074 648 2125 premat
680 2071 852 2111 Atrides
886 2070 1061 2111 crimine
1094 2069 1230 2110 maior
1261 2068 1411 2122 habet,

300 2127 344 2169 Si
377 2129 532 2169 scelere
567 2129 758 2170 Oeclides
790 2129 1035 2170 Talaioniae
1068 2127 1298 2182 Eriphylae

356 2186 492 2227 Vivus
526 2191 567 2228 et
597 2188 643 2228 in
674 2188 781 2228 vivis
815 2188 866 2228 ad
900 2186 1034 2241 Styga
1065 2187 1181 2227 venit
1214 2185 1352 2240 equis,

247 2255 278 2280 15
298 2245 379 2286 Est
410 2245 481 2298 pia
512 2245 722 2299 Penelope
754 2246 902 2286 lustris
936 2248 1102 2286 errante
1135 2244 1298 2285 duobus

358 2303 416 2343 Et
447 2303 628 2343 totidem
660 2304 807 2345 lustris
841 2304 952 2345 bella
985 2306 1156 2358 gerente
1189 2302 1291 2343 viro.

298 2361 480 2415 Respice
512 2361 773 2415 Phylaciden
804 2365 847 2402 et
879 2377 985 2415 quae
1018 2376 1159 2403 comes
1190 2361 1274 2401 isse
1307 2359 1461 2400 marito
