1674 2662
626 166 669 209 II,
697 175 858 202 287—360.
1329 164 1416 207 213

0 153 2 174 Ι

0 209 3 295 l
137 261 301 316 Perque
333 264 430 303 tuas
463 261 586 315 fiant,
618 275 723 315 quae
756 260 866 302 sinet
895 261 1007 315 ipsa,
1037 274 1206 315 manus,

10 332 61 358 325
80 320 140 363 Et
169 320 311 361 videat
342 320 533 373 flentem,
563 333 639 361 nec
671 319 839 360 taedeat
871 319 1016 360 oscula
1046 319 1174 373 ferre,

136 378 195 420 Et
227 378 338 420 sicco
370 378 567 419 lacrimas
601 377 804 418 conbibat
835 391 906 419 ore
938 380 1045 419 tuas.

0 431 5 560 Ι
79 436 216 478 Multa
247 450 370 490 vove,
403 436 474 477 sed
506 438 660 477 cimcta
690 435 850 490 palam,
882 435 1162 490 quotiensque
1194 434 1364 490 libebit,

138 494 253 543 Quae
285 494 443 535 referas
474 494 557 548 illi,
589 493 754 534 somnia
784 493 896 534 laeta
927 494 1039 549 vide3

78 553 138 594 Et
168 552 330 607 veniat,
361 566 467 606 quae
498 549 655 593 lustret
685 566 789 592 anus
821 552 1063 605 lectumque
1094 552 1338 607 locumque,

11 622 62 648 aso
139 610 358 652 Praeferat
390 614 433 651 et
464 610 646 651 tremula
678 610 825 664 sulpur
857 614 898 650 et
931 624 1009 651 ova
1040 625 1185 651 manu:

80 668 288 710 Omnibus
319 668 387 709 his
419 668 590 709 inerunt
622 671 767 723 gratae
798 668 982 722 vestigia
1013 683 1155 724 eurae3

138 726 189 768 In
219 727 388 768 tabulas
420 726 567 767 multis
599 726 701 767 haec
734 726 801 767 via
832 726 934 767 fecit
963 726 1056 767 iter.

79 784 169 826 Nec
201 788 345 826 tamen
377 784 529 826 officiis
563 784 706 825 odium
738 787 965 837 quaeratur
997 785 1049 825 ab
1083 799 1227 840 aegra:

140 841 206 884 Sit
238 857 337 884 suus
368 843 414 883 in
444 843 600 884 blanda
632 842 856 883 sedulitate
888 843 1057 884 modus!

10 912 60 937 335
79 900 197 942 Neve
230 901 324 942 cibo
356 900 535 955 prohibe
566 914 644 941 nee
676 900 809 941 amari
839 901 994 954 pocula
1025 900 1115 942 suci

137 958 330 1014 Porrige:
362 959 506 999 rivalis
538 959 716 999 misceat
745 958 820 999 issa
852 960 967 999 tuus!

81 1015 162 1058 Sed
193 1031 297 1071 non,
330 1031 412 1070 quo
445 1016 617 1057 dederas
651 1030 675 1056 a
706 1015 830 1056 litore
863 1017 1056 1072 carbasa,
1086 1019 1212 1058 vento

136 1073 370 1127 Utendum,
401 1074 539 1116 medio
572 1089 666 1116 eum
697 1074 859 1128 potiere
891 1075 1019 1116 freto:

78 1132 194 1174 Dum
224 1147 360 1174 novus
393 1136 506 1174 errat
538 1147 674 1186 amor,
704 1132 814 1173 vires
848 1132 930 1173 sibi
963 1132 1138 1187 colligat
1169 1148 1268 1188 usu,

141 1189 186 1232 Si
217 1191 323 1231 bene
354 1190 574 1244 nutrieris,
603 1194 794 1244 tempore
825 1191 973 1232 firmus
1005 1191 1105 1232 erit:

82 1248 216 1297 Quem
246 1252 416 1289 taurum
447 1248 621 1302 metuis,
650 1248 834 1289 vitulum
865 1249 1048 1290 mulcere
1081 1249 1267 1304 solebas3

141 1305 227 1347 Sub
261 1321 343 1360 qua
373 1320 485 1347 nunc
516 1307 693 1347 recubas
727 1307 893 1359 arbore,
924 1306 1047 1361 virga
1078 1307 1178 1362 fuit,

80 1364 285 1406 Nascitur
316 1364 493 1419 exiguus
526 1364 597 1405 sed
630 1378 730 1418 opes
764 1364 949 1417 adquirit
980 1365 1136 1418 eundo,

141 1422 314 1476 Quaque
346 1422 480 1477 venit,
510 1422 666 1463 multas
699 1422 853 1476 accipit
884 1422 1020 1463 amnis
1053 1437 1195 1476 aquas.

29 1491 61 1517 45
81 1480 166 1522 Fac
197 1480 278 1521 tibi
310 1483 575 1521 consuescat:
606 1480 667 1520 nil
699 1480 976 1521 adsuetudine
1008 1480 1162 1534 maius,

141 1538 276 1587 Quam
307 1541 355 1579 tu
387 1539 487 1579 dum
519 1538 679 1592 capias,
711 1538 851 1579 taedia
880 1538 999 1579 nulla
1028 1538 1146 1593 fuge!

81 1596 139 1638 Te
172 1611 337 1650 semper
368 1597 527 1649 videat,
558 1596 638 1637 tibi
671 1611 836 1650 semper
866 1597 1069 1650 praebeat
1101 1611 1241 1652 aures,

117 1654 354 1695 ›Exhibeat
386 1655 527 1695 vultus
559 1669 726 1708 noxque
759 1654 929 1708 diesque
962 1655 1077 1695 tuos!

83 1710 191 1753 Cum
221 1712 300 1753 tibi
332 1713 468 1753 maior
499 1712 580 1753 erit
609 1712 782 1766 fiducia,
811 1726 937 1766 posse
968 1712 1146 1768 requiri,

30 1782 64 1807 50
142 1768 250 1811 Cum
280 1770 427 1824 procul
460 1770 625 1811 absenti
656 1785 757 1812 cura
787 1770 955 1812 futurus
989 1771 1089 1825 eris,

82 1828 150 1870 Da
180 1828 386 1881 requiem:
417 1828 632 1881 requietus
666 1842 767 1883 ager
797 1829 903 1869 bene
936 1829 1096 1870 credita
1126 1828 1282 1884 reddit,

141 1885 353 1940 Terraque
387 1885 589 1927 caelestes
621 1886 738 1927 arida
770 1887 915 1927 sorbet
947 1901 1094 1940 aquas:

82 1943 280 1998 Phyllida
310 1944 593 1998 Demophoon
622 1958 821 1998 praesens
853 1944 1113 1986 moderatius
1145 1945 1274 2000 ussit,

142 2002 316 2043 Exarsit
346 2002 450 2043 velis
483 2002 620 2043 acrius
650 2002 725 2043 illa
757 2002 885 2056 datis,

31 2059 325 2114 5⁵'Penelopen
355 2060 507 2101 absens
540 2060 687 2101 sollers
719 2060 947 2114 torquebat
975 2059 1140 2114 Ulixes3

142 2118 393 2172 Phylacides
425 2118 589 2171 aberat,
618 2117 869 2172 Laudamia,
900 2121 1012 2159 tuus.

86 2175 167 2218 Sed
198 2190 317 2217 mora
348 2179 443 2217 tuta
474 2176 632 2231 brevis,
662 2176 903 2231 lentescunt
934 2179 1125 2231 tempore
1157 2190 1300 2234 curae,

143 2233 431 2287 Vanescitque
463 2234 615 2275 absens
648 2238 690 2275 et
719 2248 855 2276 novus
885 2234 1021 2276 intrat
1052 2249 1186 2276 amor:

85 2292 200 2334 Dum
230 2291 447 2333 Menelaus
479 2292 618 2347 abest,
648 2292 827 2347 Helene,
856 2307 909 2333 ne
941 2293 1032 2334 sola
1061 2293 1235 2348 iaceret,

33 2361 67 2387 60
141 2349 338 2404 Hospitis
371 2353 436 2392 est
466 2350 610 2404 tepido
640 2354 765 2392 nocte
796 2353 967 2406 recepta
997 2351 1103 2393 sinu.
