1674 2662
107 602 164 656 P.
217 601 407 657 OVIDI
454 598 744 656 NASONIS
794 599 1116 653 REMEDIA
1165 599 1443 655 AMORIS.

106 746 291 802 Legerat
320 746 447 787 huius
480 745 614 787 Amor
645 745 820 786 titulum
850 759 1090 800 nomenque
1121 745 1273 786 libelli:

167 804 302 845 ‘Bella
333 804 458 859 mihi,
488 804 627 858 video,
658 804 771 844 bella
800 801 1020 858 parantur'
1054 804 1125 845 ait.

109 863 254 904 ‘Parce
287 865 409 903 tuum
441 865 581 903 vatem
614 862 783 903 sceleris
816 861 1034 917 damnare,
1066 860 1249 916 Cupido,

165 921 339 961 Tradita
371 921 442 975 qui
473 921 632 961 totiens
663 923 706 961 te
738 920 841 961 duce
873 920 997 975 signa
1026 920 1125 961 tuli:

71 991 87 1015 5
107 978 207 1020 Non
238 993 316 1033 ego
349 978 550 1033 Tydides,
581 993 605 1018 a
637 992 720 1031 quo
753 981 828 1019 tua
859 978 1003 1019 saucia
1034 981 1171 1019 mater

165 1037 217 1078 In
246 1036 455 1090 liquidum
486 1036 611 1077 rediit
643 1036 815 1077 aethera
846 1035 997 1077 Martis
1033 1036 1164 1090 equis.

109 1094 242 1149 Saepe
274 1098 420 1149 tepent
453 1094 524 1135 alii
555 1094 746 1149 iuvenes,
779 1108 857 1149 ego
890 1109 1056 1149 semper
1087 1095 1245 1149 amavi,

166 1154 225 1194 Et
256 1153 311 1207 si,
343 1152 443 1206 quid
473 1152 628 1194 faciam
659 1167 772 1194 nunc
804 1167 990 1207 quoque,
1022 1153 1208 1206 quaeris,
1241 1167 1348 1194 amo.

75 1211 222 1260 *Quin
253 1211 382 1252 etiam
414 1211 556 1265 docui,
591 1225 674 1265 qua
703 1225 851 1265 posses
884 1214 974 1251 arte
1005 1211 1166 1265 parari,

56 1282 89 1306 10
166 1270 225 1310 Et
256 1269 369 1322 quod
398 1283 511 1310 nunc
541 1269 713 1323 ratiost,
743 1269 928 1323 impetus
961 1272 1058 1310 ante
1090 1269 1221 1309 fuit*

109 1327 198 1368 Nec
230 1330 291 1381 te,
322 1327 475 1368 blande
506 1341 628 1381 puer,
658 1341 736 1368 nec
767 1330 938 1368 nostras
969 1327 1190 1381 prodimus
1223 1330 1354 1382 artes,

166 1384 257 1427 Nec
288 1399 399 1426 nova
429 1385 707 1439 praeteritum
738 1384 873 1426 Musas
893 1385 1047 1426 retexit
1079 1399 1196 1439 opus.

110 1442 251 1497 Siquis
284 1457 449 1498 amans,
481 1444 593 1496 quod
624 1457 765 1484 amare
796 1443 931 1498 iuvat,
961 1443 1144 1485 feliciter
1176 1443 1314 1497 ardet,

168 1501 361 1542 Gaudeat
393 1504 435 1542 et
466 1504 592 1542 vento
621 1501 795 1556 naviget
825 1501 897 1542 ille
929 1516 1025 1556 suo3

57 1572 90 1598 15
109 1560 168 1601 At
200 1560 333 1613 siquis
365 1560 474 1600 male
505 1559 589 1600 fert
620 1559 819 1614 indignae
851 1574 983 1614 regna
1012 1560 1197 1615 puellae,

167 1617 232 1659 Ne
263 1620 427 1672 pereat,
456 1620 629 1658 nostrae
662 1618 819 1658 sentiat
850 1618 954 1659 artis
988 1619 1127 1672 opem!

110 1675 195 1718 Cui·
226 1676 379 1729 aliquis
410 1676 562 1729 laqueo
595 1675 752 1717 collum
784 1676 967 1717 nodatus
999 1679 1165 1717 amator

167 1734 207 1774 A
238 1734 359 1774 trabe
392 1734 565 1774 sublimi
596 1734 719 1775 triste
750 1734 951 1788 pependit
983 1734 1119 1775 onus?

111 1790 196 1832 Cur
228 1791 380 1844 aliquis
412 1791 551 1846 rigido
582 1792 691 1833 fodit
722 1807 800 1834 sua
828 1795 1003 1846 pectora
1033 1791 1176 1833 ferro‘.>

57 1862 91 1886 -20
168 1849 378 1890 Invidiam
410 1849 568 1904 caedis,
597 1849 714 1903 pacis
747 1853 931 1905 amator,
961 1850 1106 1892 habes.

111 1907 210 1962 Qui,
239 1907 324 1948 nisi
356 1907 545 1961 desierit,
576 1908 731 1948 misero
762 1909 977 1962 periturus
1007 1911 1211 1962 amorest,

168 1965 364 2006 Desinat:
400 1968 443 2006 et
473 1965 580 2005 nulli
610 1965 770 2006 funeris
803 1969 952 2007 auctor
983 1966 1076 2007 eris.

110 2024 167 2065 Et
198 2038 304 2077 puer
335 2038 398 2078 es,
427 2037 504 2064 nec
536 2026 577 2064 te
610 2023 837 2077 quicquam
866 2024 950 2064 nisi
980 2024 1124 2065 ludere
1157 2027 1344 2078 oportet:

168 2081 302 2122 Lude!
334 2082 484 2123 decent
515 2095 647 2122 annos
679 2081 826 2122 mollia
856 2096 989 2137 regna
1019 2084 1129 2123 tuos.

58 2151 91 2176 25
111 2139 224 2181 Nam
254 2142 424 2194 poteras
456 2139 520 2180 uti
551 2139 674 2180 nudis
708 2139 760 2180 ad
790 2139 903 2180 bella
935 2139 1122 2195 sagittis!

171 2197 253 2238 Sed
283 2201 358 2238 tua
387 2197 608 2238 mortifero
641 2197 846 2252 sanguine
877 2198 964 2239 tela
994 2201 1150 2240 carent.

110 2255 300 2297 Vitricus
332 2258 375 2296 et
406 2255 559 2310 gladiis
591 2258 633 2296 et
665 2259 790 2297 acuta
821 2255 994 2298 dimicet
1022 2256 1166 2312 hasta,

169 2313 227 2355 Et
257 2314 394 2355 victor
424 2313 560 2354 multa
591 2314 715 2355 caede
747 2317 1064 2356 cruentUS-eat:
