1690 2656
220 162 273 203 76
750 160 1039 195 HERomEs

276 253 384 296 Cum
414 259 627 310 premeret
658 258 809 309 portus
842 255 990 296 classis
1022 255 1137 295 itura
1168 270 1303 297 meos:

215 313 358 355 Ausus
392 329 435 355 es
469 315 669 368 amplecti
702 314 896 367 colloque
928 313 1095 354 infusus
1129 314 1312 355 amantis

275 371 431 413 Oscula
461 388 536 426 per
566 373 718 426 longas
749 372 926 426 iungere
957 386 1105 426 pressa
1136 387 1277 413 moras

162 443 195 467 95
216 428 407 483 Cumque
439 431 525 471 tuis
557 430 744 471 lacrimis
775 430 974 471 lacrimas
1008 430 1264 471 confundere
1296 433 1487 485 nostras,

274 488 478 542 Quodque
510 488 622 529 foret
654 488 759 529 velis
793 503 896 530 aura
928 489 1131 543 secunda,
1163 489 1281 542 queri

213 546 272 586 Et
304 547 409 587 mihi
441 547 660 588 discedens
693 562 890 601 suprema
921 547 1059 588 dicere
1090 561 1209 588 voce:

278 603 452 658 ‘Phylli,
488 603 556 644 fac
594 606 790 657 expectes
826 605 1158 659 Demophoonta
1189 605 1345 646 tuum!7

212 662 467 717 Expectem,
499 663 571 717 qui
603 678 669 704 me
701 678 935 717 numquam
966 664 1134 704 visurus
1168 663 1327 704 abisti?

143 734 194 757 100
271 721 507 775 Expectem
538 722 691 776 pelago
724 722 818 763 vela
847 725 1006 776 negata
1037 722 1162 762 meo?

213 778 271 819 Et
304 782 448 820 tamen
481 783 676 835 expecto,
707 781 854 821 redeas
887 781 1014 821 modo
1048 795 1166 821 serus
1199 780 1381 835 amanti,

272 835 332 878 Ut
364 841 439 879 tua
471 838 527 879 sit
560 839 651 879 solo
685 841 876 892 tempore
908 839 1029 892 lapsa
1060 839 1180 879 fides!

214 894 323 943 Quid
354 910 505 950 precor
536 896 714 937 infelix?
747 900 789 937 te
820 897 906 938 iam
939 900 1057 938 tenet
1090 897 1225 937 altera
1257 896 1442 937 coniunx

271 953 474 995 Forsitan
506 958 566 1009 et,
596 955 721 995 nobis
755 955 827 1008 qui
860 955 969 995 male
1001 955 1126 1009 favit,
1158 955 1310 1008 Amor,

142 1023 192 1048 105
211 1010 354 1065 Atque
386 1013 467 1053 tibi
499 1013 750 1053 excidimus:
782 1013 963 1067 nullam,
994 1016 1118 1067 puto,
1148 1012 1347 1067 Phyllida
1378 1013 1511 1068 nosti3

270 1070 324 1110 Ei
357 1070 481 1125 mihi,
514 1071 567 1125 si,
599 1085 705 1124 quae
739 1071 819 1112 sim
850 1071 1016 1125 Phyllis
1050 1074 1092 1112 et
1123 1072 1252 1125 unde,
1283 1085 1430 1126 rogas,

212 1127 327 1176 Quae
360 1129 459 1182 tibi,
490 1129 793 1183 Demophoon,
824 1130 964 1184 longis
998 1130 1214 1170 erroribus
1248 1133 1343 1170 acto

270 1186 489 1228 Threicios
521 1190 671 1241 portus
703 1187 1024 1241 hospitiumque
1058 1188 1170 1242 dedi,

212 1243 343 1285 Cuius
378 1259 478 1299 opes
512 1260 664 1286 auxere
697 1260 834 1299 meae,
867 1246 934 1286 cui
967 1246 1082 1286 dives
1116 1246 1261 1300 egenti

142 1315 192 1339 110
271 1302 450 1344 Munera
481 1304 617 1344 multa
649 1304 761 1357 dedi,
794 1304 930 1344 multa
961 1304 1113 1345 datura
1144 1304 1224 1359 fui,

212 1360 327 1409 Quae
360 1361 440 1402 tibi
474 1362 635 1402 subieci
666 1362 879 1402 latissima
909 1377 1042 1417 regna
1072 1362 1278 1417 Lycurgi,

269 1418 453 1460 Nomine
486 1419 670 1460 femineo
703 1420 773 1461 vix
806 1421 910 1461 satis
945 1424 1045 1475 apta
1076 1421 1185 1476 regi,

211 1476 303 1525 Qua
339 1481 459 1531 patet
491 1479 741 1519 umbrosum
774 1478 981 1533 Rhodope
1015 1479 1207 1534 glacialis
1240 1479 1291 1519 ad
1323 1479 1554 1534 Haemum,

269 1536 327 1576 Et
359 1551 477 1577 sacer
509 1536 715 1578 admissas
749 1537 883 1591 exigit
913 1537 1084 1578 Hebrus
1117 1552 1267 1592 aquas,

140 1605 190 1630 115
212 1592 290 1634 Cui
324 1609 417 1635 mea
448 1594 674 1649 virginitas
708 1595 857 1637 avibus
889 1595 1025 1636 libata
1058 1596 1242 1636 sinistris

270 1650 482 1706 Castaque
513 1653 656 1694 fallaci
688 1668 796 1694 zona
826 1654 1015 1695 recincta
1046 1655 1191 1695 manu!

209 1709 412 1751 Pronuba
442 1711 676 1765 Tisiphone
709 1712 910 1752 thalamis
943 1712 1125 1753 ululavit
1157 1713 1200 1752 in
1231 1712 1337 1767 illis,

268 1769 326 1809 Et
359 1769 513 1810 cecinit
545 1773 757 1810 maestum
789 1770 911 1811 devia
943 1785 1113 1811 carmen
1146 1771 1253 1825 avis,

210 1825 363 1867 Adfuit
394 1827 563 1869 Allecto
596 1828 796 1869 brevibus
830 1831 1032 1882 torquata
1065 1829 1272 1883 colubris,

140 1896 190 1921 120
270 1884 460 1940 Suntque
494 1886 720 1940 sepulcrali
752 1887 915 1927 lumina
947 1890 1066 1928 mota
1096 1887 1199 1928 face.

210 1942 374 1983 Maesta
405 1947 550 1985 tamen
582 1945 780 1999 scopulos
811 1945 1101 2000 fruticosaque
1134 1946 1262 1986 litora
1294 1946 1410 1986 calco

269 1999 468 2055 Quaeque
499 2006 650 2056 patent
683 2003 816 2045 oculis
849 2004 977 2044 litora
1008 2004 1097 2044 lata
1128 2004 1252 2058 meis,

211 2057 307 2099 Sive
341 2059 407 2099 die
440 2061 608 2101 laxatur
639 2061 812 2115 humus,
845 2077 917 2103 seu
951 2062 1108 2117 frigida
1138 2062 1282 2103 lucent

270 2115 434 2171 Sidera,
464 2120 698 2174 prospicio,
731 2120 823 2174 quis
857 2120 967 2161 freta
998 2123 1149 2161 ventus
1183 2124 1302 2175 agat,

138 2186 188 2211 125
208 2174 267 2216 Et
300 2189 589 2230 quaecumque
620 2179 770 2231 procul
801 2178 1015 2219 venientia
1044 2179 1177 2219 lintea
1208 2178 1312 2233 vidi,

266 2232 470 2274 Protinus
502 2234 577 2275 illa
609 2250 726 2277 meos
760 2251 947 2291 auguror
979 2251 1069 2277 esse
1103 2237 1221 2291 de0s3

207 2291 259 2331 In
290 2291 401 2332 freta
431 2306 634 2345 procurro
644 2327 654 2346 ,
686 2294 755 2334 vix
787 2309 853 2334 me
886 2295 1170 2336 retinentibus
1202 2294 1346 2348 undis,

266 2349 426 2390 Mobile
460 2365 542 2405 qua
572 2351 732 2404 primas
764 2352 949 2406 porrigit
981 2367 1139 2406 aequor
1172 2367 1322 2407 aquas3
