1690 2656
216 150 269 190 12
724 148 961 183 AMORUM

266 244 482 293 Quantum
515 245 694 298 quisque
727 244 854 296 ferat,
885 242 1173 296 respiciendus
1207 243 1298 284 erit.

206 302 408 344 Forsitan
438 303 665 343 inmundae
697 301 821 342 Tatio
853 304 1056 356 regnante
1090 300 1271 342 Sabinae

154 372 187 396 40
266 360 495 402 Noluerint
526 360 690 400 habiles
722 358 916 412 pluribus
950 373 1040 400 esse
1073 359 1195 414 viris3

207 418 331 460 Nunc
364 418 478 459 Mars
512 417 696 459 externis
730 417 894 458 animos
928 420 1094 458 exercet
1124 417 1170 458 in
1203 418 1331 459 armis
1342 452 1352 473 7

264 477 323 517 At
357 477 502 517 Venus
535 476 704 516 Aeneae
736 478 889 529 regnat
920 476 965 515 in
996 476 1099 516 urbe
1133 476 1210 516 sui.

206 535 379 575 Ludunt
410 535 641 575 formosae:
675 536 853 587 castast,
885 548 1012 587 quam
1042 548 1166 574 nemo
1199 534 1386 589 rogavit3

265 594 373 646 Aut,
405 593 440 633 si
472 591 691 632 rusticitas
722 605 809 631 non
840 590 975 645 vetat',
1006 591 1099 645 ipsa
1131 595 1268 647 rogat.

152 663 185 687 45
207 651 296 691 Has
330 664 516 704 quoque,
548 664 653 703 quae
685 649 840 690 frontis
871 663 1000 704 rugas
1032 650 1077 690 in
1107 651 1264 691 vertice
1295 652 1487 705 portant,

265 708 446 749 Excute:
480 709 529 749 de
560 708 678 763 rugis
712 707 890 749 crimina
922 708 1058 748 multa
1091 708 1251 748 cadent.

205 766 421 820 Penelope
447 766 649 807 iuvenum
680 765 790 806 vires
823 766 1066 819 temptabat
1096 766 1142 806 in
1173 781 1291 807 arcu:

266 824 345 873 Qui
377 825 490 865 latus
525 827 740 879 argueret,
773 838 951 865 corneus
985 839 1106 865 arcus
1140 828 1241 865 erat.

205 883 387 924 Labitur
419 882 583 924 occulte
615 882 811 935 fallitque
843 882 1044 923 volubilis
1077 885 1211 936 aetas,

152 952 186 976 50
263 941 322 981 Et
354 940 463 982 celer
495 940 691 981 admissis
722 940 883 981 labitur
915 954 1049 980 annus
1082 941 1213 994 equis.

206 1000 319 1040 Aera
349 999 489 1039 nitent
520 1013 618 1053 usu,
648 998 780 1039 vestis
812 998 924 1038 bona
957 998 1124 1051 quaerit
1155 998 1322 1053 haberi,

264 1056 506 1098 Canescunt
536 1056 653 1111 turpi
684 1059 799 1097 tecta
830 1056 979 1097 relicta
1011 1056 1113 1097 situ:

204 1115 380 1169 Forma,
411 1115 494 1155 nisi
527 1115 748 1169 admittas,
778 1115 897 1154 nullo
931 1117 1149 1155 exercente
1183 1115 1383 1169 senescit,

263 1173 354 1214 Nec
388 1173 492 1214 satis
525 1173 700 1214 effectus
732 1187 841 1213 unus
875 1176 917 1212 et
949 1172 1055 1213 alter
1086 1173 1257 1214 habent.

152 1244 184 1268 55
205 1231 373 1274 Certior
405 1245 425 1272 e
458 1231 606 1271 multis
638 1246 714 1272 nec
745 1231 832 1270 iam
863 1230 1073 1271 invidiosa
1104 1231 1315 1284 rapinast:

262 1289 395 1330 Plena
425 1289 542 1330 venit
574 1289 690 1330 canis
723 1289 772 1329 de
807 1303 935 1343 grege
966 1289 1122 1342 praeda
1153 1289 1278 1342 lupis.

203 1347 333 1401 Ecce,
366 1347 466 1400 quid
497 1347 579 1387 iste
611 1350 712 1387 tuus
744 1349 913 1400 praeter
943 1360 1055 1387 nova
1087 1347 1275 1387 carmina
1306 1349 1425 1388 vates

262 1405 437 1446 Donat?
488 1405 691 1445 amatoris
724 1404 843 1445 milia
874 1404 1010 1445 multa
1040 1405 1168 1459 leges.

203 1464 299 1518 Ipse
333 1464 434 1504 deus
467 1466 613 1504 vatum
644 1463 759 1517 palla
791 1462 1036 1516 spectabilis
1071 1477 1198 1503 aurea

151 1534 184 1558 60
262 1522 438 1562 Tractat
469 1521 689 1562 inauratae
723 1535 910 1562 consona
940 1520 1013 1560 fila
1044 1520 1171 1574 lyrae.

204 1579 284 1627 Qui
318 1579 454 1633 dabit,
484 1579 556 1619 ille
589 1579 669 1619 tibi
701 1593 858 1633 magno
892 1578 948 1619 sit
980 1578 1116 1619 maior
1146 1578 1353 1619 Homero:

263 1636 394 1678 Crede
427 1637 550 1691 mihi,
581 1651 648 1677 res
681 1640 745 1677 est
776 1636 999 1691 ingeniosa
1032 1637 1140 1677 dare.

203 1695 291 1737 Nec
325 1698 391 1749 tu,
423 1695 556 1749 siquis
590 1695 671 1735 erit
703 1695 855 1748 capitis
888 1695 1078 1735 mercede
1110 1694 1372 1749 redemptus,

261 1754 461 1808 Despice:
495 1754 665 1808 gypsati
699 1753 859 1794 crimen
889 1752 1014 1793 inane
1046 1753 1177 1806 pedis.

151 1825 183 1849 65
203 1811 294 1853 Nec
326 1815 367 1852 te
400 1811 615 1865 decipiant
646 1814 809 1852 veteres
843 1810 1002 1852 circum
1036 1811 1144 1851 atria
1177 1824 1314 1851 cerae:

261 1870 380 1910 Tolle
412 1873 511 1910 tuos
544 1873 704 1924 tecum,
734 1883 894 1923 pauper
927 1872 1110 1922 amator,
1143 1870 1261 1909 avos!

204 1927 332 1981 Quin,
370 1928 468 1980 quia
502 1927 679 1981 pulcher
711 1927 809 1981 erit⁷
846 1930 995 1980 poscet
1027 1927 1116 1968 sine
1149 1941 1322 1967 munere
1354 1928 1541 1968 noctem!
1595 1918 1608 1928 ⁰

263 1984 503 2039 Quoddet,
536 1989 771 2027 amatorem
802 1985 970 2040 flagitet
1002 1988 1099 2025 ante
1132 1986 1272 2026 suum!

202 2043 378 2084 Parcius
411 2043 572 2097 exigito
604 2044 808 2098 pretium⁷
840 2044 940 2084 dum
972 2043 1080 2084 retia
1111 2043 1268 2097 tendis,

151 2114 184 2138 το
262 2100 327 2141 Ne
361 2100 546 2154 fugiant3
578 2104 724 2155 captos
757 2101 925 2156 legibus
958 2116 1031 2142 ure
1063 2100 1166 2141 tuis!

203 2158 293 2200 Nec
324 2158 472 2199 nocuit
505 2158 730 2200 simulatus
764 2174 901 2213 amor3
934 2159 1041 2213 sine,
1074 2159 1217 2200 credat
1250 2159 1401 2213 amari,

263 2217 321 2257 Et
352 2230 470 2269 cave,
501 2230 554 2256 ne
587 2217 721 2270 gratis
754 2217 823 2258 hic
855 2217 936 2258 tibi
970 2220 1138 2258 constet
1171 2218 1305 2258 amor!

205 2274 337 2329 Saepe
369 2288 480 2328 nega
510 2277 676 2314 noctes:
710 2275 862 2328 capitis
895 2276 1020 2316 modo
1053 2276 1166 2329 finge
1200 2275 1407 2328 dolorem,

261 2334 319 2374 Et
351 2332 496 2386 modo,
528 2346 634 2385 quae
668 2346 815 2373 causas
847 2334 1069 2387 praebeat⁷
1100 2333 1182 2374 Isis
1215 2332 1313 2386 erit3
