1690 2656
253 156 335 196 172
760 152 1077 187 EPISTULAE.

182 264 230 287 1⁹0
310 250 453 304 Aegra
486 248 756 302 superposita
786 248 978 288 membra
1009 247 1151 289 fovere
1183 248 1327 287 manu!

250 304 428 349 Adsidet
459 308 531 347 ille
564 306 753 359 quidem,
784 309 990 359 quantum
1021 305 1303 359 permittitur,
1331 305 1423 359 ipse

310 366 392 407 Sed
424 364 636 418 meminit,
666 367 860 404 nostrum
886 363 1066 418 virginis
1098 378 1189 404 esse
1222 366 1377 404 torum.

249 425 341 464 Iam
374 437 541 477 quoque
572 422 716 463 nescio
751 422 852 475 quid
883 422 932 462 de
964 425 1006 462 te
1040 422 1221 462 sensisse
1253 421 1436 462 videtur:

308 482 420 522 Nam
451 481 651 522 lacrimae
684 495 812 521 causa
843 494 967 533 saepe
998 480 1156 520 latente
1189 479 1363 533 cadunt,

180 553 228 576 19⁵
248 541 306 580 Et
338 540 478 580 minus
512 539 711 579 audacter
742 538 960 579 blanditur
991 541 1033 578 et
1066 538 1209 579 oscula
1241 552 1337 578 rara

308 598 520 638 Admovet
552 601 594 637 et
624 597 775 637 timido
808 611 874 636 me
907 599 1032 637 vocat
1064 610 1135 636 ore
1168 610 1299 636 suam.

248 655 339 697 Nec
372 656 504 696 miror
537 655 738 709 sensisse,
767 654 882 694 notis
916 669 1012 695 cum
1043 654 1199 708 prodar
1231 653 1405 707 apertis:

306 714 358 754 In
390 714 585 754 dextrum
615 727 778 767 versor,
813 727 909 753 cum
940 712 1056 753 venit
1085 712 1176 766 ille,
1205 712 1318 752 latus

247 771 337 813 Nec
369 772 541 825 loquor,
573 774 614 812 et
646 774 761 812 tecto
795 771 1022 811 simulatur
1052 770 1211 811 lumine
1244 783 1436 823 somnus,

178 844 229 867 200
309 829 564 884 Captantem
595 832 738 870 tactus
769 829 982 882 reicioque
1014 843 1198 869 manum.

248 888 435 943 Ingemit
468 891 511 928 et
541 888 674 928 tacito
707 887 894 941 suspirat
925 890 1115 941 pectore,
1146 901 1212 927 me
1246 886 1359 939 quod

308 946 542 1000 Offensam,
574 945 768 999 quamvis
798 960 887 985 non
917 948 1148 998 mereatur,
1177 945 1319 985 habet.

250 1004 303 1044 Ei
336 1004 460 1056 1111111,
493 1004 604 1058 quod
637 1004 814 1057 gaudes,
846 1006 888 1043 et
918 1006 961 1043 te
992 1003 1111 1043 iuvat
1142 1003 1236 1056 ipsa
1267 1002 1482 1043 voluntas!

307 1062 362 1102 Ei
394 1062 518 1115 mihi,
550 1062 663 1115 quod
695 1076 842 1101 sensus
876 1075 971 1101 sum
1002 1061 1083 1101 tibi
1114 1061 1230 1101 fassa
1261 1061 1394 1101 meos!

179 1133 229 1157 205
250 1120 304 1160 Ei
336 1120 458 1160 mihi!
490 1120 639 1174 lingua
669 1119 802 1159 labat!
835 1122 884 1159 tu
914 1122 1065 1159 nostra
1095 1119 1250 1159 iustius
1281 1119 1363 1171 ira,

309 1178 390 1226 Qui
422 1178 527 1218 mihi
559 1178 763 1218 tendebas
795 1177 922 1230 retia,
953 1177 1106 1231 dignus
1140 1177 1248 1217 eras!

251 1235 429 1289 Scribis,
460 1239 508 1275 ut
539 1235 774 1276 invalidum
805 1235 932 1276 liceat
963 1235 1043 1275 tibi
1074 1234 1209 1275 visere
1242 1249 1412 1288 corpus:

310 1294 370 1334 Es
402 1293 551 1348 procul
584 1308 607 1333 a
637 1293 782 1347 nobis,
814 1296 855 1333 et
887 1296 1031 1333 tamen
1061 1293 1158 1333 inde
1189 1307 1328 1333 noces.

250 1351 456 1405 Mirabar,
489 1366 616 1404 quare
648 1351 729 1391 tibi
760 1365 916 1391 nomen
947 1351 1156 1392 Acontius
1190 1354 1318 1391 esset:

178 1423 229 1447 210
309 1410 431 1457 Quod
461 1410 592 1450 faciat
622 1409 749 1463 longe
781 1409 952 1463 vulnus,
984 1423 1162 1450 acumen
1191 1409 1341 1464 habes3

251 1466 373 1508 Certe
407 1482 486 1522 ego
520 1467 716 1508 convalui
746 1468 936 1508 nondum
967 1468 1017 1508 de
1048 1467 1221 1507 vulnere
1252 1467 1347 1521 tali,

308 1525 368 1566 Ut
399 1526 538 1566 iaculo
572 1525 742 1580 scriptis
775 1525 939 1566 eminus
974 1525 1061 1566 icta
1092 1525 1189 1566 tuis.

250 1583 360 1631 Quid
391 1587 536 1624 tamen
566 1584 650 1624 huc
681 1583 856 1624 venias?
890 1598 990 1624 sane
1021 1583 1262 1624 miserabile
1295 1584 1464 1637 corpus!

307 1642 476 1696 Ingenii
502 1642 644 1682 videas
676 1642 777 1682 bina
808 1645 983 1695 tropaea
1013 1641 1094 1682 tui!

179 1712 228 1736 215
251 1699 523 1741 Concidimus
555 1699 707 1754 macie,
740 1699 856 1740 color
888 1702 953 1739 est
985 1699 1074 1739 sine
1108 1700 1330 1754 sanguine,
1363 1700 1531 1753 qualem

308 1758 359 1798 In
389 1772 518 1812 pomo
551 1758 688 1798 161610
720 1760 861 1798 11161116
892 1757 1024 1798 1111886
1055 1761 1148 1811 1110,

251 1816 440 1857 Candida
470 1830 547 1857 nec
579 1815 714 1856 mixto
749 1816 972 1856 sublucent
1005 1830 1079 1856 ora
1110 1816 1283 1856 rubore:

308 1874 466 1915 Forma
495 1874 597 1915 novi
629 1874 727 1914 talis
760 1874 984 1914 marmoris
1017 1889 1108 1914 esse
1141 1874 1266 1927 solet3

249 1932 431 1986 Argenti
463 1932 580 1973 color
611 1936 676 1972 681
705 1932 818 1972 111161
850 1932 1044 1973 convivia
1074 1932 1192 1986 talis,

180 2002 230 2026 220
310 1990 430 2037 Quod
462 1993 624 2031 tactum
657 1990 819 2044 gelidae
852 1990 1012 2045 frigore
1043 1990 1175 2043 pallet
1206 2004 1350 2043 aquae.

251 2046 295 2088 Si
328 2063 394 2088 me
425 2063 537 2089 nunc
568 2048 730 2102 videas,
760 2048 897 2089 visam
927 2048 1045 2102 prius
1079 2063 1169 2088 esse
1200 2048 1377 2102 negabis

310 2105 414 2146 earte
446 2121 523 2147 nec
556 2106 635 2147 est'
669 2106 780 2147 dices
815 2106 913 2147 ‘ista
943 2106 1079 2160 petita
1110 2106 1233 2160 mea’,

249 2162 539 2216 Promissique
570 2165 714 2218 fidem,
745 2179 797 2205 ne
831 2164 911 2205 sim
942 2164 1022 2205 tibi
1054 2164 1217 2218 iuncta,
1247 2164 1441 2205 remittes

308 2222 366 2261 Et
400 2222 542 2274 cupies
573 2222 679 2263 illud
710 2237 797 2263 non
828 2222 1071 2263 meminisse
1104 2223 1236 2262 deam.

179 2292 229 2316 225
250 2279 450 2320 Forsitan
483 2282 524 2319 et
556 2280 703 2334 facies,
733 2280 870 2321 iurem
900 2283 949 2321 ut
981 2280 1194 2321 contraria
1224 2294 1389 2333 rursus,

309 2338 509 2392 Quaeque
541 2337 682 2391 legam
714 2338 859 2379 mittes
893 2339 1026 2379 altera
1056 2339 1185 2379 verba
1216 2338 1332 2378 mihi.
