1690 2656
245 142 302 183 54
795 140 1037 175 AMORUM

305 235 477 278 Semina
507 239 714 277 venerunt
744 236 790 276 in
820 235 926 276 rude
959 234 1091 276 missa
1123 235 1271 276 solum.

243 294 498 350 Prodigiosa
528 295 682 348 loquor
713 296 906 335 veterum
937 293 1157 334 mendacia
1187 296 1351 347 vatum,

303 352 393 394 Nec
424 353 524 394 tulit
556 353 660 393 haec
692 366 895 405 umquam
926 366 1004 392 nec
1035 351 1144 392 feret
1173 351 1261 392 ulla
1292 351 1399 406 dies;

243 411 307 452 Tu
338 411 500 465 potius,
532 410 635 465 ripis
669 410 800 451 effuse
834 410 1061 464 capacibus
1095 410 1249 465 amnis,

191 481 224 506 20
304 468 393 524 (Sic
427 472 624 510 aeternus
658 466 766 524 easl)
798 468 941 510 labere
973 468 1057 509 fine
1089 469 1182 509 tuo!

243 526 342 568 Non
374 528 455 568 eris
487 527 683 582 invidiae,
713 530 899 581 torrens,
931 527 1036 567 mihi
1069 527 1208 581 crede,
1238 526 1454 582 ferendae,

303 584 348 626 Si
381 586 496 627 dicar
527 600 603 640 per
633 588 674 626 te
706 585 818 626 forte
850 588 1041 626 retentus
1075 600 1233 626 amans.

242 643 441 685 Flumina
472 644 674 685 deberent
704 644 877 685 iuvenes
909 644 955 684 in
987 657 1129 684 amore
1160 644 1323 698 iuvare,

300 702 500 743 Flumina
532 705 756 743 senserunt
786 703 898 756 ipsa,
931 702 1032 756 quid
1064 705 1175 743 esset
1208 716 1344 743 amor:

190 772 223 797 25
242 760 426 802 Inachus
457 761 502 801 in
533 760 659 802 Melie
691 761 921 815 Bithynide
952 760 1135 814 pallidus
1166 760 1250 801 isse

299 819 470 860 Dicitur
501 822 544 860 et
576 820 726 875 gelidis
757 819 985 860 incaluisse
1017 819 1154 873 vadis3

241 876 443 918 Nondum
475 877 603 919 Troia
634 878 717 918 fuit
748 878 896 918 lustris
931 878 1105 918 obsessa
1138 877 1322 927 duobus,

302 936 410 977 Cum
441 936 584 990 rapuit
616 937 778 990 vultus,
809 936 999 990 Xanthe,
1030 935 1197 976 Neaera
1229 939 1345 990 tuos3

243 993 381 1042 Quid?
413 1009 500 1035 non
530 994 730 1049 Alpheon
761 994 938 1035 diversis
972 1008 1139 1035 currere
1172 993 1297 1034 terris

189 1064 222 1089 30
300 1052 492 1108 Virginis
524 1053 732 1094 Arcadiae
765 1056 905 1094 certus
939 1052 1082 1107 adegit
1114 1052 1262 1093 amor?

242 1110 299 1152 Te
333 1125 499 1165 quoque
531 1111 787 1165 promissam
818 1111 984 1165 Xutho,
1015 1111 1170 1165 Penee,
1203 1109 1406 1152 Creusam

299 1168 556 1210 Phthiotum
587 1170 712 1211 terris
746 1169 980 1211 occuluisse
1011 1169 1165 1210 ferunt.

242 1227 351 1275 Quid
382 1228 564 1268 referam
595 1228 792 1282 Asopon,
825 1243 950 1281 quem
983 1228 1095 1281 cepit
1126 1227 1284 1268 Martia
1315 1227 1478 1282 Thebe,

299 1285 511 1327 Natarum
543 1286 686 1327 Thebe
719 1286 905 1340 quinque
936 1286 1082 1326 futura
1112 1286 1295 1340 parens?

189 1356 222 1381 35
243 1342 412 1385 Cornua
445 1345 480 1385 si
512 1348 587 1385 tua
617 1359 730 1386 nunc
762 1345 837 1385 ubi
869 1344 973 1398 sint,
1005 1344 1211 1398 Acheloe,
1241 1344 1474 1399 requiram,

298 1402 495 1444 Herculis
527 1403 639 1443 irata
669 1403 807 1444 fracta
838 1417 1012 1457 querere
1044 1417 1190 1444 manu:

240 1460 281 1501 N
285 1475 329 1502 ec
362 1461 473 1502 tanti
506 1460 697 1515 Calydon
727 1475 804 1502 nec
836 1464 929 1502 tota
960 1461 1132 1502 Aetolia
1162 1461 1292 1515 tanti,

298 1518 395 1561 Una
426 1523 571 1560 tamen
601 1520 714 1561 tanti
746 1519 949 1560 Deianira
979 1519 1072 1560 fuit.

240 1577 317 1618 Ille
350 1578 484 1618 fluens
516 1578 633 1619 dives
666 1581 841 1632 septena
871 1592 947 1632 per
979 1577 1089 1618 ostia
1121 1576 1265 1631 Nilus,

187 1649 221 1673 40
301 1636 381 1685 Qui
412 1636 598 1691 patriam
629 1639 774 1677 tantae
806 1639 896 1677 tam
928 1636 1034 1676 bene
1067 1636 1176 1677 celat
1210 1650 1362 1689 aquae,

240 1695 395 1736 Fertur
424 1695 471 1736 in
501 1695 701 1736 Euanthe
734 1694 956 1736 collectam
988 1694 1166 1748 Inopide
1198 1694 1415 1735 flammam

298 1753 480 1794 Vincere
514 1753 757 1808 gurgitibus
788 1767 876 1793 non
905 1753 1097 1807 potuisse
1131 1753 1235 1805 suis,

241 1811 386 1853 Siccus
418 1814 466 1852 ut
499 1811 699 1865 amplecti
732 1810 978 1852 Salmonida
1008 1814 1154 1865 posset
1185 1811 1393 1866 Enipeus,

298 1869 453 1911 Cedere
483 1869 611 1911 iussit
643 1884 813 1924 aquam:
845 1870 961 1911 iussa
992 1870 1168 1911 recessit
1200 1884 1321 1923 aqua.

187 1939 221 1964 45
240 1927 329 1969 Nec
362 1932 404 1968 te
436 1931 675 1982 praetereo,
707 1928 780 1982 qui
811 1943 886 1983 per
918 1943 1020 1970 cava
1053 1943 1154 1969 saxa
1184 1928 1382 1969 volutans

298 1986 468 2026 Tiburis
501 1987 633 2041 Argei
664 1987 874 2041 pomifera
905 2001 1005 2028 arva
1035 1987 1169 2042 rigas,

239 2044 319 2085 Ilia
350 2044 418 2084 cui
449 2044 628 2099 placuit,
660 2045 853 2099 quamvis
886 2048 977 2086 erat
1008 2045 1180 2086 horrida
1212 2045 1347 2099 cultu,

297 2100 450 2156 Ungue
482 2106 632 2144 notata
663 2118 825 2158 comas,
856 2118 998 2158 ungue
1028 2106 1179 2144 notata
1211 2117 1358 2158 genas:

238 2160 319 2201 Illa
351 2174 523 2214 gemens
555 2162 780 2215 patruique
811 2162 930 2202 nefas
963 2162 1200 2215 delictaque
1232 2161 1383 2202 Martis

186 2230 220 2254 50
297 2217 482 2258 Errabat
513 2219 626 2259 nudo
657 2234 732 2273 per
763 2220 858 2261 loca
889 2220 980 2261 sola
1010 2220 1132 2275 pede,

238 2276 360 2317 Hanc
392 2276 532 2316 Anien
562 2277 720 2330 rapidis
753 2278 970 2319 animosus
1002 2278 1107 2319 vidit
1140 2278 1192 2318 ab
1224 2277 1348 2318 undis

296 2334 526 2387 Raucaque
559 2334 608 2375 de
642 2335 790 2376 mediis
824 2336 998 2376 sustulit
1032 2350 1104 2376 ora
1135 2335 1252 2377 vadis
