1690 2656
303 170 391 211 244
758 168 861 203 ARS
887 166 1189 202 AMATORIA.

303 265 426 307 Vidit
456 268 504 306 ut
537 278 740 319 oppressa
771 263 955 318 vestigia
986 262 1176 316 corporis
1207 262 1359 316 herba,

363 324 596 365 Pulsantur
627 322 783 376 trepidi
815 322 940 363 corde
972 321 1156 362 micante
1189 320 1325 371 sinus3

304 382 480 436 Iamque
513 381 601 422 dies
634 380 797 422 medius
829 383 978 421 tenues
1012 382 1282 420 contraxerat
1312 379 1506 434 umbras,

363 441 497 494 Inque
528 439 622 494 pari
655 439 794 494 spatio
826 453 976 493 vesper
1008 441 1050 479 et
1084 441 1203 478 ortus
1236 440 1372 479 erant:

235 510 285 535 725
305 499 433 551 Ecce,
466 498 576 539 redit
609 497 820 552 Cephalus
854 497 991 551 silvis,
1023 495 1214 550 Cyllenia
1244 496 1403 550 proles,

364 556 531 611 Oraque
563 556 741 598 fontana
773 556 935 597 fervida
966 555 1110 609 pulsat
1143 569 1263 608 aqua.

304 616 464 670 Anxia,
494 614 661 669 Procri,
690 615 817 669 lates,
850 614 999 655 solitas
1030 613 1142 654 iacet
1172 613 1244 653 ille
1275 627 1350 667 per
1379 612 1553 667 herbas,

364 675 422 715 Et
454 673 653 728 ‘Zephyri
684 673 835 714 molles
868 671 1068 726 auraque'
1102 671 1209 712 dixit
1242 671 1387 712 ‘ades!’

305 731 365 773 st
396 732 538 787 patuit
569 732 748 773 miserae
779 731 988 773 iucundus
1019 730 1205 771 nominis
1239 744 1374 785 error,

236 802 287 827 730
364 791 423 832 Et
454 805 574 831 mens
607 794 649 831 et
680 790 807 831 rediit
837 805 961 831 verus
992 789 1038 829 in
1070 803 1144 830 ora
1176 788 1309 829 color:

307 848 455 904 Surgit
488 852 530 890 et
563 849 783 903 oppositas
816 848 980 903 agitato
1014 861 1190 901 corpore
1221 846 1393 888 frondes

362 908 501 948 Movit
531 907 578 948 in
609 907 828 962 amplexus
859 921 967 948 uxor
997 907 1110 947 itura
1141 905 1240 960 viri,

305 967 382 1008 Ille
415 966 550 1007 feram
582 966 738 1007 vidisse
770 968 888 1006 ratus
920 964 1174 1006 iuvenaliter
1205 967 1324 1005 artus

365 1023 571 1079 Corripit:
603 1024 650 1065 in
680 1025 827 1065 dextra
858 1023 945 1064 tela
975 1023 1092 1063 fuere
1124 1037 1264 1063 manu.

237 1094 287 1119 ‘135
309 1084 420 1133 Quid
449 1083 574 1137 facis,
604 1082 782 1123 infelix?
813 1096 900 1122 non
932 1084 998 1122 est
1028 1081 1136 1136 fera,
1168 1080 1384 1135 supprime
1416 1081 1517 1122 tela!

364 1141 434 1183 Me
466 1141 685 1182 miserum!
717 1140 857 1182 iaculo
888 1141 973 1181 fixa
1005 1140 1147 1193 puella
1177 1142 1308 1180 tuost.

307 1200 377 1242 ‘Ei
409 1200 547 1241 mihil'
581 1200 819 1241 conclamat
851 1198 1000 1239 ‘fixisti
1030 1200 1179 1252 pectus
1213 1198 1413 1239 amicum:

364 1258 448 1300 Hic
478 1258 597 1300 locus
631 1273 655 1299 a
686 1256 874 1312 Cephalo
906 1257 1081 1297 vulnera
1114 1271 1280 1310 semper
1310 1256 1453 1297 habet.

307 1317 421 1359 Ante
455 1317 566 1357 diem
597 1316 775 1367 morior,
807 1316 881 1357 sed
911 1315 1029 1356 nulla
1060 1314 1219 1369 paelice
1251 1315 1384 1356 laesa:

238 1386 289 1411 740
366 1375 461 1417 Hoc
491 1375 622 1416 faciet
651 1375 818 1429 positae
851 1377 892 1415 te
924 1373 1050 1428 milii,
1080 1377 1212 1428 terra,
1243 1374 1390 1415 levem.

307 1434 493 1476 Nomine
526 1436 746 1488 suspectas
777 1433 864 1474 iani
897 1432 1073 1487 spiritus
1106 1432 1194 1473 exit
1223 1432 1269 1472 in
1301 1447 1442 1473 auras:

366 1492 528 1547 Labor,
558 1492 617 1533 io!
651 1507 748 1533 cara
778 1491 941 1532 lumina
973 1490 1104 1532 conde
1137 1490 1298 1532 manul'

307 1551 384 1592 Ille
419 1551 515 1592 sinu
546 1550 741 1591 dominae
773 1550 1002 1591 morientia
1033 1564 1214 1603 corpora
1244 1552 1408 1590 maesto

369 1608 561 1651 Sustinet
593 1612 636 1650 et
666 1608 855 1650 lacrimis
886 1608 1062 1649 vulnera
1093 1622 1218 1649 saeva
1248 1608 1382 1649 lavat:

239 1678 288 1703 745
308 1668 412 1710 Exit
444 1670 487 1709 et
516 1668 690 1709 incauto
721 1667 930 1721 paulatim
960 1669 1131 1721 pectore
1163 1666 1308 1720 lapsus

367 1726 594 1780 Excipitur
623 1726 768 1767 miseri
801 1725 974 1779 spiritus
1009 1739 1079 1766 ore
1111 1724 1203 1766 viri.

311 1785 393 1827 Sed
417 1785 665 1839 'repetamus
697 1785 820 1838 opus!
853 1783 959 1824 mihi
989 1783 1115 1824 nudis
1147 1783 1273 1825 rebus
1305 1783 1549 1838 eundumst,

367 1842 428 1884 Ut
459 1846 611 1898 tangat
641 1845 791 1897 portus
823 1842 937 1883 fessa
969 1842 1112 1883 carina
1144 1856 1256 1883 suos.

311 1901 502 1943 Sollicite
534 1904 752 1956 expectas,
783 1901 883 1942 dum
914 1903 956 1941 te
988 1901 1034 1942 in
1065 1900 1259 1942 convivia
1291 1900 1459 1954 ducam,

241 1970 291 1995 750
368 1961 428 2001 Et
459 1960 627 2014 quaeris
659 1959 848 2001 monitus
880 1959 959 2000 hac
993 1974 1161 2013 quoque
1191 1962 1312 2013 parte
1344 1973 1471 2000 meos.

312 2018 414 2060 Sera
444 2019 541 2060 veni
572 2018 797 2072 positaque
830 2018 980 2059 decens
1012 2018 1158 2059 incede
1190 2018 1378 2059 lucerna:

370 2076 504 2118 Grata
535 2091 656 2118 mora
686 2076 849 2131 venies,
880 2076 1065 2117 maxima
1095 2076 1191 2117 lena
1222 2079 1396 2117 morast.

310 2135 407 2176 Etsi
439 2135 577 2189 turpis
610 2135 711 2189 eris,
740 2135 930 2176 formosa
960 2135 1156 2176 videbere
1187 2135 1321 2189 potis,

369 2193 427 2233 Et
457 2193 645 2234 latebras
677 2193 794 2235 vitiis
825 2208 911 2234 nox
943 2193 1061 2234 dabit
1092 2193 1186 2247 ipsa
1216 2193 1314 2234 tuis.

241 2262 291 2288 755
312 2249 447 2304 Carpe
480 2251 597 2292 cibos
630 2252 794 2306 digitis:
828 2255 892 2293 est
924 2252 1124 2306 quiddam
1157 2254 1302 2307 gestus
1335 2251 1501 2306 edendi,

370 2308 455 2350 Ora
484 2324 561 2350 nec
593 2309 798 2351 inmunda
828 2313 922 2351 tota
952 2324 1169 2365 perungue
1202 2325 1347 2364 manu3

311 2367 428 2409 Neve
460 2367 574 2408 domi
605 2382 827 2422 praesume
860 2369 1006 2423 dapes,
1038 2369 1111 2409 sed
1139 2368 1282 2409 desine
1314 2368 1438 2422 citra,
