1674 2662
107 165 184 201 XX.
206 166 332 212 [XXI]
360 165 560 201 CYDIPPE
582 176 742 200 190—243.
794 165 904 211 [XV.]
932 164 1113 200 SAPPHO
1142 176 1248 200 1—10.
1308 165 1387 205 173

54 259 136 302 Sed
167 263 311 301 tamen
343 260 580 314 adspiceres
612 260 780 314 vellem,
813 260 925 314 quod
956 263 998 300 et
1028 259 1118 314 ipse
1150 260 1351 314 rogabas:

112 318 363 373 Adspiceres
398 332 576 372 sponsae
608 318 1032 373 1011ς11111ε111110111101ᾶ
1061 319 1177 358 tuae!

53 375 211 417 Durius
243 379 286 417 et
316 376 428 417 ferro
462 391 557 417 cum
590 376 647 417 sit
678 376 759 417 tibi
789 379 956 430 pectus,
988 375 1163 430 Aconti,

0 444 34 470 30
110 433 174 474 Tu
205 434 372 475 veniam
402 434 562 475 nostris
594 434 770 475 vocibus
801 434 892 487 ipse
923 437 1055 487 petas.

51 491 116 533 Ne
148 495 291 533 tamen
321 493 509 547 ignores:
543 506 621 546 ope
654 507 737 546 qua
767 492 1023 532 revalescere
1055 491 1236 546 possim,

111 549 338 598 Quaeritur
370 565 394 590 a
424 550 604 604 Delphis
635 549 725 590 fata
757 552 933 591 canente
966 550 1061 603 deo3

51 607 93 648 Is
126 622 293 661 quoque
324 608 467 649 nescio
501 622 647 662 quam,
677 622 789 649 nunc
819 610 868 648 ut
899 622 1008 662 vaga
1038 608 1154 648 fama
1185 610 1388 661 susurrat,

110 665 357 707 Neclectam
390 666 581 720 queritur
612 668 736 706 testis
767 666 923 706 habere
955 666 1092 706 fidem.

0 734 31 758 35
52 723 144 764 Hoc
176 724 296 778 deus,
325 724 407 764 hoc
438 727 574 777 vates,
605 724 686 765 hoc
719 726 761 765 et
791 738 885 764 mea
917 724 1105 765 carmina
1137 724 1299 764 dicunt:

110 781 164 821 A!
198 782 350 822 desunt
381 785 482 822 voto
515 782 704 822 carmina
733 781 851 822 nulla
882 783 974 822 tuo!

51 837 172 880 Unde
204 840 285 880 tibi
315 840 435 880 favor
466 839 565 880 hic‘?
596 840 679 880 nisi
712 840 824 893 quod
855 854 964 880 nova
996 840 1106 880 forte
1138 842 1347 893 repertast

110 896 225 945 Quae
258 897 398 951 capiat
428 911 607 951 magnos
640 897 784 938 littera
815 898 925 938 lecta
957 898 1056 938 deos
1079 930 1201 938 .....

51 954 192 1008 Teque
224 959 395 996 tenente
428 955 527 995 deos
559 955 694 1008 partis
728 969 881 1008 sequor
911 956 1006 1009 ipsa
1037 955 1211 996 deorum

0 1023 31 1048 40
109 1013 259 1066 Doque
290 1013 427 1053 libens
458 1013 592 1053 victas
624 1012 670 1052 in
700 1015 774 1053 tua
805 1016 906 1053 vota
937 1027 1086 1053 manus
1109 1045 1233 1053 .....

49 1069 267 1124 Fassaque
299 1085 393 1111 sum
424 1070 552 1111 matri
585 1070 783 1124 deceptae
815 1070 987 1111 foedera
1016 1071 1188 1125 linguae

107 1128 289 1169 Lumina
319 1129 403 1169 fixa
434 1131 582 1169 tenens
614 1129 740 1182 plena
770 1129 944 1182 pudoris
975 1129 1118 1170 humo.

51 1185 202 1227 Cetera
234 1201 334 1227 cura
364 1189 497 1227 tuast:
527 1186 622 1240 plus
654 1187 735 1228 hoc
768 1201 935 1241 quoque
966 1187 1129 1242 virgine
1160 1187 1340 1241 factum,

108 1244 209 1284 Non
238 1244 384 1285 timuit
414 1247 555 1285 tecum
588 1245 700 1297 quod
731 1259 825 1285 mea
856 1245 1004 1286 charta
1034 1245 1163 1298 loqui.

0 1312 31 1338 4⁵
51 1301 144 1342 Iam
176 1302 280 1343 satis
311 1302 520 1343 invalidos
553 1302 716 1342 calamo
746 1302 998 1343 lassavimus
1032 1306 1168 1357 artus,

108 1360 166 1400 Et
197 1375 346 1401 manus
379 1359 568 1401 officium
598 1359 768 1414 longius
801 1374 929 1414 aegra
958 1364 1099 1415 negat.

0 1416 177 1471 Quid,
208 1418 291 1458 nisi
324 1418 436 1471 quod
469 1418 593 1470 cupio
626 1432 691 1458 me
723 1418 809 1458 iam
841 1418 1098 1493 coniungere
1130 1421 1289 1472 tecum,

107 1475 289 1517 Restat?
321 1479 369 1517 ut
401 1475 615 1517 adscribat
647 1475 793 1516 littera
823 1479 971 1516 nostia
1004 1476 1139 1517 vale’.
1153 1491 1175 1514 τοι

422 1647 708 1690 EPISTULA
741 1647 1012 1690 SAPPHUS.

518 1739 700 1774 SAPPHO
726 1739 918 1774 PHAONT.

0 1810 22 1871 1]
48 1820 230 1875 Ecquid,
261 1823 310 1861 ut
341 1821 582 1875 adspectast
615 1822 829 1863 studiosae
862 1822 1007 1863 littera
1038 1823 1228 1877 dextrae,

0 1929 1 1932 Ἴ
107 1878 308 1919 Protinus
343 1882 406 1919 est
440 1879 572 1920 oculis
606 1880 778 1934 cognita
808 1883 958 1921 nostra
987 1880 1104 1921 tuis?

0 1953 1 1980 1
49 1937 135 1989 An,
166 1937 248 1976 nisi
279 1936 456 1991 legisses
490 1937 675 1978 auctoris
706 1938 881 1978 nomina
914 1937 1128 1992 Sapphus,

0 1996 1 2003 ’
107 1994 200 2035 Hoc
232 1994 357 2035 breve
389 1995 574 2035 nescires
607 1995 716 2035 unde
753 1998 948 2036 movetur
981 1996 1116 2049 opus?

0 2051 30 2088 15
50 2052 251 2092 Forsitan
281 2055 324 2093 et
356 2067 484 2105 quare
516 2067 610 2093 mea
642 2053 728 2093 sint
760 2053 924 2094 alterna
954 2054 1144 2106 requiras

0 2159 1 2167 ἵ
108 2109 322 2163 Carmina,
354 2124 450 2151 cum
480 2110 625 2164 lyricis
658 2110 738 2151 sim
769 2111 906 2165 magis
941 2114 1040 2165 apta
1070 2112 1220 2154 modis.

0 2176 1 2197 ³
50 2167 233 2208 Flendus
267 2181 385 2208 amor
416 2182 534 2208 meus
567 2171 647 2208 est:
680 2168 789 2223 elegi
821 2169 960 2210 flebile
993 2184 1178 2225 carmen3

0 2266 1 2281 χ
108 2224 206 2265 Νο11
237 2224 341 2266 facit
374 2226 426 2266 ad
456 2226 651 2267 lacrimas
684 2226 888 2267 barbitos
909 2227 996 2268 ulla
1026 2242 1152 2268 meas

0 2300 1 2319 ι
49 2281 173 2336 Uror,
204 2285 251 2323 ut
282 2282 502 2324 indomitis
534 2284 677 2338 ignem
709 2285 1001 2326 exercentibus
1033 2286 1160 2327 Euris

0 2344 32 2397 {¹⁰
108 2339 280 2381 Fertilis
314 2342 501 2383 accensis
534 2342 743 2383 messibus
776 2343 895 2384 ardet
926 2358 1044 2399 ager,

0 2402 1 2424 1

0 2487 1 2510 1
