<?xml version="1.0" encoding="UTF-8"?>
<!DOCTYPE html PUBLIC "-//W3C//DTD XHTML 1.0 Transitional//EN"
    "http://www.w3.org/TR/xhtml1/DTD/xhtml1-transitional.dtd">
<html xmlns="http://www.w3.org/1999/xhtml" xml:lang="en" lang="en">
 <head>
  <title>
</title>
<meta http-equiv="Content-Type" content="text/html;charset=utf-8" />
  <meta name='ocr-system' content='tesseract 3.04.00' />
  <meta name='ocr-capabilities' content='ocr_page ocr_carea ocr_par ocr_line ocrx_word'/>
</head>
<body>
  <div class='ocr_page' id='page_1' title='image "./operaovid03oviduoft_0087.png"; bbox 0 0 1674 2662; ppageno 0'>
   <div class='ocr_carea' id='block_1_1' title="bbox 606 99 1494 144">
    <p class='ocr_par' dir='ltr' id='par_1_1' title="bbox 606 99 1494 144">
     <span class='ocr_line' id='line_1_1' title="bbox 606 99 1494 144; baseline 0.002 -11"><span class='ocrx_word' id='word_1_1' title='bbox 606 99 649 143; x_wconf 83' lang='lat'>11,</span> <span class='ocrx_word' id='word_1_2' title='bbox 677 110 794 143; x_wconf 83' lang='lat' dir='ltr'>vnnb,</span> <span class='ocrx_word' id='word_1_3' title='bbox 821 110 972 143; x_wconf 78' lang='lat' dir='ltr'><strong>29—x1‚</strong></span> <span class='ocrx_word' id='word_1_4' title='bbox 999 110 1044 135; x_wconf 85' lang='lat'>32.</span> <span class='ocrx_word' id='word_1_5' title='bbox 1439 104 1494 144; x_wconf 74' lang='lat'>35</span> 
     </span>
    </p>
   </div>
   <div class='ocr_carea' id='block_1_2' title="bbox 104 194 1325 412">
    <p class='ocr_par' dir='ltr' id='par_1_2' title="bbox 104 194 1296 251">
     <span class='ocr_line' id='line_1_2' title="bbox 104 194 1296 251; baseline 0.003 -16"><span class='ocrx_word' id='word_1_6' title='bbox 104 207 136 234; x_wconf 73' lang='lat'>35</span> <span class='ocrx_word' id='word_1_7' title='bbox 155 196 215 236; x_wconf 86' lang='lat' dir='ltr'>At</span> <span class='ocrx_word' id='word_1_8' title='bbox 247 194 352 236; x_wconf 83' lang='lat' dir='ltr'>mihi</span> <span class='ocrx_word' id='word_1_9' title='bbox 385 194 609 250; x_wconf 87' lang='lat' dir='ltr'>contingat</span> <span class='ocrx_word' id='word_1_10' title='bbox 640 194 819 236; x_wconf 88' lang='lat' dir='ltr'>Veneris</span> <span class='ocrx_word' id='word_1_11' title='bbox 852 195 1125 250; x_wconf 79' lang='lat' dir='ltr'>languescere</span> <span class='ocrx_word' id='word_1_12' title='bbox 1158 200 1296 251; x_wconf 83' lang='lat' dir='ltr'>motu,</span> 
     </span>
    </p>

    <p class='ocr_par' dir='ltr' id='par_1_3' title="bbox 214 251 1297 309">
     <span class='ocr_line' id='line_1_3' title="bbox 214 251 1297 309; baseline 0.002 -15"><span class='ocrx_word' id='word_1_13' title='bbox 214 251 322 294; x_wconf 87' lang='lat' dir='ltr'>Cum</span> <span class='ocrx_word' id='word_1_14' title='bbox 354 253 531 307; x_wconf 80' lang='lat' dir='ltr'>moriar,</span> <span class='ocrx_word' id='word_1_15' title='bbox 563 252 749 294; x_wconf 92' lang='lat' dir='ltr'>medium</span> <span class='ocrx_word' id='word_1_16' title='bbox 782 253 922 294; x_wconf 86' lang='lat' dir='ltr'>solvar</span> <span class='ocrx_word' id='word_1_17' title='bbox 954 258 996 294; x_wconf 91' lang='lat' dir='ltr'>et</span> <span class='ocrx_word' id='word_1_18' title='bbox 1027 254 1139 295; x_wconf 91' lang='lat' dir='ltr'>inter</span> <span class='ocrx_word' id='word_1_19' title='bbox 1172 269 1297 309; x_wconf 80' lang='lat' dir='ltr'>opus,</span> 
     </span>
    </p>

    <p class='ocr_par' dir='ltr' id='par_1_4' title="bbox 154 311 1325 412">
     <span class='ocr_line' id='line_1_4' title="bbox 154 311 1325 365; baseline 0.002 -12"><span class='ocrx_word' id='word_1_20' title='bbox 154 311 297 365; x_wconf 90' lang='lat' dir='ltr'>Atque</span> <span class='ocrx_word' id='word_1_21' title='bbox 330 311 484 365; x_wconf 84' lang='lat' dir='ltr'>aliquis</span> <span class='ocrx_word' id='word_1_22' title='bbox 516 316 665 352; x_wconf 88' lang='lat' dir='ltr'>nostro</span> <span class='ocrx_word' id='word_1_23' title='bbox 698 311 925 353; x_wconf 86' lang='lat' dir='ltr'>lacrimans</span> <span class='ocrx_word' id='word_1_24' title='bbox 957 312 1002 352; x_wconf 91' lang='lat' dir='ltr'>in</span> <span class='ocrx_word' id='word_1_25' title='bbox 1033 313 1179 354; x_wconf 86' lang='lat' dir='ltr'>funere</span> <span class='ocrx_word' id='word_1_26' title='bbox 1212 313 1325 355; x_wconf 85' lang='lat' dir='ltr'>dicat</span> 
     </span>
     <span class='ocr_line' id='line_1_5' title="bbox 214 368 1178 412; baseline 0.002 -2"><span class='ocrx_word' id='word_1_27' title='bbox 214 368 496 411; x_wconf 71' lang='lat' dir='ltr'>eConveniens</span> <span class='ocrx_word' id='word_1_28' title='bbox 529 369 643 411; x_wconf 86' lang='lat' dir='ltr'>vitae</span> <span class='ocrx_word' id='word_1_29' title='bbox 676 384 790 411; x_wconf 92' lang='lat' dir='ltr'>mors</span> <span class='ocrx_word' id='word_1_30' title='bbox 822 370 905 411; x_wconf 87' lang='lat' dir='ltr'>fuit</span> <span class='ocrx_word' id='word_1_31' title='bbox 936 370 1022 411; x_wconf 86' lang='lat' dir='ltr'>ista</span> <span class='ocrx_word' id='word_1_32' title='bbox 1052 371 1178 412; x_wconf 84' lang='lat' dir='ltr'>tuae.&#39;</span> 
     </span>
    </p>
   </div>
   <div class='ocr_carea' id='block_1_3' title="bbox 84 484 1434 2395">
    <p class='ocr_par' dir='ltr' id='par_1_5' title="bbox 84 484 1434 2395">
     <span class='ocr_line' id='line_1_6' title="bbox 84 484 1313 540; baseline 0.002 -14"><span class='ocrx_word' id='word_1_33' title='bbox 84 490 143 526; x_wconf 84' lang='lat' dir='ltr'>XI</span> <span class='ocrx_word' id='word_1_34' title='bbox 154 484 298 526; x_wconf 89' lang='lat' dir='ltr'>Prima</span> <span class='ocrx_word' id='word_1_35' title='bbox 330 485 464 526; x_wconf 85' lang='lat' dir='ltr'>malas</span> <span class='ocrx_word' id='word_1_36' title='bbox 497 485 642 526; x_wconf 89' lang='lat' dir='ltr'>docuit</span> <span class='ocrx_word' id='word_1_37' title='bbox 674 486 928 537; x_wconf 72' lang='lat' dir='ltr'>innantibus</span> <span class='ocrx_word' id='word_1_38' title='bbox 962 487 1156 540; x_wconf 87' lang='lat' dir='ltr'>aequoris</span> <span class='ocrx_word' id='word_1_39' title='bbox 1189 488 1313 529; x_wconf 90' lang='lat' dir='ltr'>undis</span> 
     </span>
     <span class='ocr_line' id='line_1_7' title="bbox 213 543 1027 599; baseline 0.003 -15"><span class='ocrx_word' id='word_1_40' title='bbox 213 543 383 584; x_wconf 92' lang='lat' dir='ltr'>Peliaco</span> <span class='ocrx_word' id='word_1_41' title='bbox 415 544 541 598; x_wconf 85' lang='lat' dir='ltr'>pinus</span> <span class='ocrx_word' id='word_1_42' title='bbox 574 544 731 585; x_wconf 79' lang='lat' dir='ltr'>veitice</span> <span class='ocrx_word' id='word_1_43' title='bbox 765 559 885 585; x_wconf 88' lang='lat' dir='ltr'>caesa</span> <span class='ocrx_word' id='word_1_44' title='bbox 918 544 1027 599; x_wconf 76' lang='lat' dir='ltr'>vias,</span> 
     </span>
     <span class='ocr_line' id='line_1_8' title="bbox 156 601 1172 650; baseline 0.002 -8"><span class='ocrx_word' id='word_1_45' title='bbox 156 601 270 650; x_wconf 86' lang='lat' dir='ltr'>Quae</span> <span class='ocrx_word' id='word_1_46' title='bbox 304 602 594 643; x_wconf 84' lang='lat' dir='ltr'>concurrentis</span> <span class='ocrx_word' id='word_1_47' title='bbox 626 602 738 643; x_wconf 72' lang='lat' dir='ltr'>intel</span> <span class='ocrx_word' id='word_1_48' title='bbox 769 604 995 644; x_wconf 68' lang='lat' dir='ltr'>temer-ana</span> <span class='ocrx_word' id='word_1_49' title='bbox 1027 606 1172 644; x_wconf 87' lang='lat' dir='ltr'>cautes</span> 
     </span>
     <span class='ocr_line' id='line_1_9' title="bbox 214 658 1146 714; baseline 0.002 -14"><span class='ocrx_word' id='word_1_50' title='bbox 214 658 499 714; x_wconf 81' lang='lat' dir='ltr'>Conspicuam</span> <span class='ocrx_word' id='word_1_51' title='bbox 531 660 647 701; x_wconf 82' lang='lat' dir='ltr'>fulvo</span> <span class='ocrx_word' id='word_1_52' title='bbox 680 661 833 701; x_wconf 84' lang='lat' dir='ltr'>vellere</span> <span class='ocrx_word' id='word_1_53' title='bbox 866 661 980 702; x_wconf 77' lang='lat' dir='ltr'>vexit</span> <span class='ocrx_word' id='word_1_54' title='bbox 1014 675 1146 702; x_wconf 77' lang='lat' dir='ltr'>ovem.</span> 
     </span>
     <span class='ocr_line' id='line_1_10' title="bbox 119 717 1279 775; baseline 0.004 -18"><span class='ocrx_word' id='word_1_55' title='bbox 119 730 134 756; x_wconf 85' lang='lat'>5</span> <span class='ocrx_word' id='word_1_56' title='bbox 155 717 189 758; x_wconf 89' lang='lat' dir='ltr'>O</span> <span class='ocrx_word' id='word_1_57' title='bbox 222 718 407 772; x_wconf 80' lang='lat' dir='ltr'>utinam,</span> <span class='ocrx_word' id='word_1_58' title='bbox 437 719 588 772; x_wconf 79' lang='lat' dir='ltr'>nequis</span> <span class='ocrx_word' id='word_1_59' title='bbox 620 733 737 760; x_wconf 87' lang='lat' dir='ltr'>remo</span> <span class='ocrx_word' id='word_1_60' title='bbox 770 718 880 760; x_wconf 82' lang='lat' dir='ltr'>freta</span> <span class='ocrx_word' id='word_1_61' title='bbox 910 720 1040 774; x_wconf 87' lang='lat' dir='ltr'>longa</span> <span class='ocrx_word' id='word_1_62' title='bbox 1071 724 1279 775; x_wconf 79' lang='lat' dir='ltr'>moveret,</span> 
     </span>
     <span class='ocr_line' id='line_1_11' title="bbox 212 752 1128 832; baseline 0.002 -15"><span class='ocrx_word' id='word_1_63' title='bbox 212 776 332 832; x_wconf 91' lang='lat' dir='ltr'>Argo</span> <span class='ocrx_word' id='word_1_64' title='bbox 365 752 557 818; x_wconf 74' lang='lat' dir='ltr'>flinestas</span> <span class='ocrx_word' id='word_1_65' title='bbox 588 792 736 830; x_wconf 87' lang='lat' dir='ltr'>pressa</span> <span class='ocrx_word' id='word_1_66' title='bbox 767 777 948 818; x_wconf 73' lang='lat' dir='ltr'>bibisset</span> <span class='ocrx_word' id='word_1_67' title='bbox 981 780 1128 832; x_wconf 76' lang='lat' dir='ltr'>aquas!</span> 
     </span>
     <span class='ocr_line' id='line_1_12' title="bbox 155 834 1334 900; baseline 0.002 -25"><span class='ocrx_word' id='word_1_68' title='bbox 155 834 284 888; x_wconf 87' lang='lat' dir='ltr'>Ecce,</span> <span class='ocrx_word' id='word_1_69' title='bbox 315 834 428 890; x_wconf 87' lang='lat' dir='ltr'>fugit</span> <span class='ocrx_word' id='word_1_70' title='bbox 459 838 693 900; x_wconf 81' lang='lat' dir='ltr'>notumque</span> <span class='ocrx_word' id='word_1_71' title='bbox 725 838 869 876; x_wconf 89' lang='lat' dir='ltr'>torum</span> <span class='ocrx_word' id='word_1_72' title='bbox 902 835 1123 890; x_wconf 88' lang='lat' dir='ltr'>sociosque</span> <span class='ocrx_word' id='word_1_73' title='bbox 1154 835 1334 877; x_wconf 78' lang='lat' dir='ltr'>Penates</span> 
     </span>
     <span class='ocr_line' id='line_1_13' title="bbox 213 868 1083 948; baseline 0.002 -15"><span class='ocrx_word' id='word_1_74' title='bbox 213 868 482 947; x_wconf 81' lang='lat' dir='ltr'>Fallacisque</span> <span class='ocrx_word' id='word_1_75' title='bbox 515 893 605 934; x_wconf 82' lang='lat' dir='ltr'>vias</span> <span class='ocrx_word' id='word_1_76' title='bbox 636 894 697 934; x_wconf 92' lang='lat' dir='ltr'>ire</span> <span class='ocrx_word' id='word_1_77' title='bbox 731 892 918 934; x_wconf 77' lang='lat' dir='ltr'>Colinna</span> <span class='ocrx_word' id='word_1_78' title='bbox 949 898 1083 948; x_wconf 88' lang='lat' dir='ltr'>parat.</span> 
     </span>
     <span class='ocr_line' id='line_1_14' title="bbox 156 950 1434 1006; baseline 0.002 -15"><span class='ocrx_word' id='word_1_79' title='bbox 156 950 265 999; x_wconf 80' lang='lat' dir='ltr'>Quid</span> <span class='ocrx_word' id='word_1_80' title='bbox 295 951 395 1005; x_wconf 78' lang='lat' dir='ltr'>tibi,</span> <span class='ocrx_word' id='word_1_81' title='bbox 425 965 492 992; x_wconf 93' lang='lat' dir='ltr'>me</span> <span class='ocrx_word' id='word_1_82' title='bbox 524 951 745 1005; x_wconf 82' lang='lat' dir='ltr'>miserum,</span> <span class='ocrx_word' id='word_1_83' title='bbox 776 950 993 1006; x_wconf 82' lang='lat' dir='ltr'>Zephyros</span> <span class='ocrx_word' id='word_1_84' title='bbox 1019 952 1242 1006; x_wconf 83' lang='lat' dir='ltr'>Eurosque</span> <span class='ocrx_word' id='word_1_85' title='bbox 1275 952 1434 994; x_wconf 86' lang='lat' dir='ltr'>timebo</span> 
     </span>
     <span class='ocr_line' id='line_1_15' title="bbox 103 1009 1244 1065; baseline 0.004 -18"><span class='ocrx_word' id='word_1_86' title='bbox 103 1022 135 1047; x_wconf 91' lang='lat'>10</span> <span class='ocrx_word' id='word_1_87' title='bbox 213 1009 271 1050; x_wconf 88' lang='lat' dir='ltr'>Et</span> <span class='ocrx_word' id='word_1_88' title='bbox 304 1009 492 1064; x_wconf 90' lang='lat' dir='ltr'>gelidum</span> <span class='ocrx_word' id='word_1_89' title='bbox 523 1009 692 1050; x_wconf 82' lang='lat' dir='ltr'>Borean</span> <span class='ocrx_word' id='word_1_90' title='bbox 723 1009 1018 1065; x_wconf 79' lang='lat' dir='ltr'>egelidumque</span> <span class='ocrx_word' id='word_1_91' title='bbox 1051 1009 1244 1051; x_wconf 73' lang='lat' dir='ltr'>Notum?</span> 
     </span>
     <span class='ocr_line' id='line_1_16' title="bbox 155 1066 1163 1122; baseline 0.001 -14"><span class='ocrx_word' id='word_1_92' title='bbox 155 1066 254 1108; x_wconf 75' lang='lat' dir='ltr'>Non</span> <span class='ocrx_word' id='word_1_93' title='bbox 283 1067 372 1109; x_wconf 90' lang='lat' dir='ltr'>illic</span> <span class='ocrx_word' id='word_1_94' title='bbox 403 1068 549 1122; x_wconf 85' lang='lat' dir='ltr'>urbes,</span> <span class='ocrx_word' id='word_1_95' title='bbox 578 1082 665 1109; x_wconf 90' lang='lat' dir='ltr'>non</span> <span class='ocrx_word' id='word_1_96' title='bbox 695 1071 744 1109; x_wconf 92' lang='lat' dir='ltr'>tu</span> <span class='ocrx_word' id='word_1_97' title='bbox 775 1068 984 1109; x_wconf 79' lang='lat' dir='ltr'>mirabere</span> <span class='ocrx_word' id='word_1_98' title='bbox 1017 1068 1163 1110; x_wconf 75' lang='lat' dir='ltr'>silvas:</span> 
     </span>
     <span class='ocr_line' id='line_1_17' title="bbox 212 1124 1078 1181; baseline 0.001 -15"><span class='ocrx_word' id='word_1_99' title='bbox 212 1124 352 1167; x_wconf 88' lang='lat' dir='ltr'>Unast</span> <span class='ocrx_word' id='word_1_100' title='bbox 381 1126 531 1167; x_wconf 85' lang='lat' dir='ltr'>iniusti</span> <span class='ocrx_word' id='word_1_101' title='bbox 563 1126 731 1167; x_wconf 89' lang='lat' dir='ltr'>caerula</span> <span class='ocrx_word' id='word_1_102' title='bbox 761 1126 899 1167; x_wconf 84' lang='lat' dir='ltr'>forma</span> <span class='ocrx_word' id='word_1_103' title='bbox 931 1127 1078 1181; x_wconf 76' lang='lat' dir='ltr'>maris3</span> 
     </span>
     <span class='ocr_line' id='line_1_18' title="bbox 154 1182 1282 1239; baseline 0.001 -14"><span class='ocrx_word' id='word_1_104' title='bbox 154 1182 244 1225; x_wconf 84' lang='lat' dir='ltr'>Nec</span> <span class='ocrx_word' id='word_1_105' title='bbox 276 1184 440 1225; x_wconf 91' lang='lat' dir='ltr'>medius</span> <span class='ocrx_word' id='word_1_106' title='bbox 468 1184 610 1225; x_wconf 79' lang='lat' dir='ltr'>tenuis</span> <span class='ocrx_word' id='word_1_107' title='bbox 643 1185 826 1226; x_wconf 85' lang='lat' dir='ltr'>conchas</span> <span class='ocrx_word' id='word_1_108' title='bbox 858 1185 1081 1239; x_wconf 83' lang='lat' dir='ltr'>pictosque</span> <span class='ocrx_word' id='word_1_109' title='bbox 1112 1185 1282 1239; x_wconf 85' lang='lat' dir='ltr'>lapillos</span> 
     </span>
     <span class='ocr_line' id='line_1_19' title="bbox 212 1241 1206 1284; baseline 0.001 -1"><span class='ocrx_word' id='word_1_110' title='bbox 212 1241 377 1283; x_wconf 89' lang='lat' dir='ltr'>Pontus</span> <span class='ocrx_word' id='word_1_111' title='bbox 408 1242 556 1283; x_wconf 87' lang='lat' dir='ltr'>habet:</span> <span class='ocrx_word' id='word_1_112' title='bbox 588 1243 726 1283; x_wconf 91' lang='lat' dir='ltr'>bibuli</span> <span class='ocrx_word' id='word_1_113' title='bbox 757 1243 896 1284; x_wconf 89' lang='lat' dir='ltr'>litoris</span> <span class='ocrx_word' id='word_1_114' title='bbox 928 1243 1002 1284; x_wconf 85' lang='lat' dir='ltr'>illa</span> <span class='ocrx_word' id='word_1_115' title='bbox 1034 1247 1206 1284; x_wconf 88' lang='lat' dir='ltr'>morast.</span> 
     </span>
     <span class='ocr_line' id='line_1_20' title="bbox 103 1300 1229 1355; baseline 0.003 -16"><span class='ocrx_word' id='word_1_116' title='bbox 103 1312 135 1338; x_wconf 87' lang='lat'>15</span> <span class='ocrx_word' id='word_1_117' title='bbox 153 1300 304 1341; x_wconf 86' lang='lat' dir='ltr'>Litora</span> <span class='ocrx_word' id='word_1_118' title='bbox 335 1301 585 1342; x_wconf 90' lang='lat' dir='ltr'>marmoreis</span> <span class='ocrx_word' id='word_1_119' title='bbox 617 1301 795 1355; x_wconf 90' lang='lat' dir='ltr'>pedibus</span> <span class='ocrx_word' id='word_1_120' title='bbox 829 1300 1014 1355; x_wconf 79' lang='lat' dir='ltr'>signate,</span> <span class='ocrx_word' id='word_1_121' title='bbox 1045 1301 1229 1355; x_wconf 88' lang='lat' dir='ltr'>puellae:</span> 
     </span>
     <span class='ocr_line' id='line_1_21' title="bbox 213 1358 1203 1412; baseline 0.001 -13"><span class='ocrx_word' id='word_1_122' title='bbox 213 1358 432 1400; x_wconf 74' lang='lat' dir='ltr'>Hactenus</span> <span class='ocrx_word' id='word_1_123' title='bbox 465 1362 529 1400; x_wconf 89' lang='lat' dir='ltr'>est</span> <span class='ocrx_word' id='word_1_124' title='bbox 561 1362 721 1412; x_wconf 79' lang='lat' dir='ltr'>tutum3</span> <span class='ocrx_word' id='word_1_125' title='bbox 754 1362 894 1400; x_wconf 91' lang='lat' dir='ltr'>cetera</span> <span class='ocrx_word' id='word_1_126' title='bbox 926 1374 1050 1401; x_wconf 87' lang='lat' dir='ltr'>caeca</span> <span class='ocrx_word' id='word_1_127' title='bbox 1080 1359 1203 1400; x_wconf 86' lang='lat' dir='ltr'>viast.</span> 
     </span>
     <span class='ocr_line' id='line_1_22' title="bbox 153 1416 1145 1472; baseline 0.001 -15"><span class='ocrx_word' id='word_1_128' title='bbox 153 1416 212 1458; x_wconf 87' lang='lat' dir='ltr'>Et</span> <span class='ocrx_word' id='word_1_129' title='bbox 242 1417 365 1458; x_wconf 85' lang='lat' dir='ltr'>vobis</span> <span class='ocrx_word' id='word_1_130' title='bbox 399 1417 471 1458; x_wconf 83' lang='lat' dir='ltr'>alii</span> <span class='ocrx_word' id='word_1_131' title='bbox 504 1420 728 1458; x_wconf 82' lang='lat' dir='ltr'>ventorum</span> <span class='ocrx_word' id='word_1_132' title='bbox 760 1417 922 1472; x_wconf 89' lang='lat' dir='ltr'>proelia</span> <span class='ocrx_word' id='word_1_133' title='bbox 952 1421 1145 1471; x_wconf 86' lang='lat' dir='ltr'>narrent,</span> 
     </span>
     <span class='ocr_line' id='line_1_23' title="bbox 213 1473 1367 1531; baseline 0.002 -15"><span class='ocrx_word' id='word_1_134' title='bbox 213 1474 326 1523; x_wconf 87' lang='lat' dir='ltr'>Quas</span> <span class='ocrx_word' id='word_1_135' title='bbox 360 1473 502 1530; x_wconf 84' lang='lat' dir='ltr'>Scylla</span> <span class='ocrx_word' id='word_1_136' title='bbox 532 1475 726 1529; x_wconf 84' lang='lat' dir='ltr'>infestet,</span> <span class='ocrx_word' id='word_1_137' title='bbox 759 1490 915 1529; x_wconf 80' lang='lat' dir='ltr'>quasve</span> <span class='ocrx_word' id='word_1_138' title='bbox 947 1474 1185 1530; x_wconf 81' lang='lat' dir='ltr'>Charybdis</span> <span class='ocrx_word' id='word_1_139' title='bbox 1218 1491 1367 1531; x_wconf 78' lang='lat' dir='ltr'>aquas,</span> 
     </span>
     <span class='ocr_line' id='line_1_24' title="bbox 154 1532 1271 1587; baseline 0.001 -13"><span class='ocrx_word' id='word_1_140' title='bbox 154 1533 212 1574; x_wconf 87' lang='lat' dir='ltr'>Et</span> <span class='ocrx_word' id='word_1_141' title='bbox 244 1533 399 1587; x_wconf 87' lang='lat' dir='ltr'>quibus</span> <span class='ocrx_word' id='word_1_142' title='bbox 433 1534 647 1575; x_wconf 89' lang='lat' dir='ltr'>emineant</span> <span class='ocrx_word' id='word_1_143' title='bbox 678 1533 867 1575; x_wconf 83' lang='lat' dir='ltr'>violenta</span> <span class='ocrx_word' id='word_1_144' title='bbox 899 1532 1108 1575; x_wconf 81' lang='lat' dir='ltr'>Ceraunia</span> <span class='ocrx_word' id='word_1_145' title='bbox 1142 1535 1271 1587; x_wconf 80' lang='lat' dir='ltr'>saxis,</span> 
     </span>
     <span class='ocr_line' id='line_1_25' title="bbox 103 1590 1264 1647; baseline 0.003 -17"><span class='ocrx_word' id='word_1_146' title='bbox 103 1604 136 1630; x_wconf 80' lang='lat'>20</span> <span class='ocrx_word' id='word_1_147' title='bbox 213 1590 306 1640; x_wconf 79' lang='lat' dir='ltr'>Quo</span> <span class='ocrx_word' id='word_1_148' title='bbox 336 1592 500 1633; x_wconf 88' lang='lat' dir='ltr'>lateant</span> <span class='ocrx_word' id='word_1_149' title='bbox 533 1591 679 1646; x_wconf 80' lang='lat' dir='ltr'>Syrtes</span> <span class='ocrx_word' id='word_1_150' title='bbox 711 1607 868 1647; x_wconf 87' lang='lat' dir='ltr'>magna</span> <span class='ocrx_word' id='word_1_151' title='bbox 899 1592 1120 1646; x_wconf 88' lang='lat' dir='ltr'>minorque</span> <span class='ocrx_word' id='word_1_152' title='bbox 1154 1593 1264 1633; x_wconf 83' lang='lat' dir='ltr'>sinu!</span> 
     </span>
     <span class='ocr_line' id='line_1_26' title="bbox 154 1649 1408 1705; baseline 0 -14"><span class='ocrx_word' id='word_1_153' title='bbox 154 1649 271 1691; x_wconf 89' lang='lat' dir='ltr'>Haec</span> <span class='ocrx_word' id='word_1_154' title='bbox 303 1650 377 1691; x_wconf 83' lang='lat' dir='ltr'>alii</span> <span class='ocrx_word' id='word_1_155' title='bbox 407 1650 595 1692; x_wconf 82' lang='lat' dir='ltr'>referant</span> <span class='ocrx_word' id='word_1_156' title='bbox 627 1651 679 1691; x_wconf 89' lang='lat' dir='ltr'>ad</span> <span class='ocrx_word' id='word_1_157' title='bbox 710 1664 805 1705; x_wconf 82' lang='lat' dir='ltr'>vos3</span> <span class='ocrx_word' id='word_1_158' title='bbox 838 1651 950 1704; x_wconf 89' lang='lat' dir='ltr'>quod</span> <span class='ocrx_word' id='word_1_159' title='bbox 983 1650 1159 1704; x_wconf 85' lang='lat' dir='ltr'>quisque</span> <span class='ocrx_word' id='word_1_160' title='bbox 1191 1651 1408 1705; x_wconf 80' lang='lat' dir='ltr'>loquetur,</span> 
     </span>
     <span class='ocr_line' id='line_1_27' title="bbox 213 1706 1183 1762; baseline 0.001 -13"><span class='ocrx_word' id='word_1_161' title='bbox 213 1706 399 1750; x_wconf 82' lang='lat' dir='ltr'>Credite!</span> <span class='ocrx_word' id='word_1_162' title='bbox 432 1709 652 1762; x_wconf 84' lang='lat' dir='ltr'>quaerenti</span> <span class='ocrx_word' id='word_1_163' title='bbox 682 1708 800 1750; x_wconf 88' lang='lat' dir='ltr'>nulla</span> <span class='ocrx_word' id='word_1_164' title='bbox 829 1709 1017 1762; x_wconf 89' lang='lat' dir='ltr'>procella</span> <span class='ocrx_word' id='word_1_165' title='bbox 1047 1712 1183 1750; x_wconf 83' lang='lat' dir='ltr'>nocet.</span> 
     </span>
     <span class='ocr_line' id='line_1_28' title="bbox 158 1765 1106 1821; baseline 0.001 -14"><span class='ocrx_word' id='word_1_166' title='bbox 158 1765 260 1808; x_wconf 84' lang='lat' dir='ltr'>Sero</span> <span class='ocrx_word' id='word_1_167' title='bbox 292 1767 520 1821; x_wconf 86' lang='lat' dir='ltr'>respicitur</span> <span class='ocrx_word' id='word_1_168' title='bbox 551 1767 697 1821; x_wconf 84' lang='lat' dir='ltr'>tellus,</span> <span class='ocrx_word' id='word_1_169' title='bbox 728 1767 802 1808; x_wconf 88' lang='lat' dir='ltr'>ubi</span> <span class='ocrx_word' id='word_1_170' title='bbox 833 1766 933 1808; x_wconf 83' lang='lat' dir='ltr'>fune</span> <span class='ocrx_word' id='word_1_171' title='bbox 966 1767 1106 1808; x_wconf 88' lang='lat' dir='ltr'>soluto</span> 
     </span>
     <span class='ocr_line' id='line_1_29' title="bbox 214 1823 1237 1880; baseline 0.001 -15"><span class='ocrx_word' id='word_1_172' title='bbox 214 1823 359 1865; x_wconf 88' lang='lat' dir='ltr'>Currit</span> <span class='ocrx_word' id='word_1_173' title='bbox 388 1825 435 1865; x_wconf 91' lang='lat' dir='ltr'>in</span> <span class='ocrx_word' id='word_1_174' title='bbox 463 1825 706 1866; x_wconf 85' lang='lat' dir='ltr'>inmensum</span> <span class='ocrx_word' id='word_1_175' title='bbox 735 1825 875 1880; x_wconf 88' lang='lat' dir='ltr'>panda</span> <span class='ocrx_word' id='word_1_176' title='bbox 907 1825 1050 1866; x_wconf 81' lang='lat' dir='ltr'>carina</span> <span class='ocrx_word' id='word_1_177' title='bbox 1082 1825 1237 1879; x_wconf 81' lang='lat' dir='ltr'>salum,</span> 
     </span>
     <span class='ocr_line' id='line_1_30' title="bbox 103 1882 1244 1937; baseline 0.003 -16"><span class='ocrx_word' id='word_1_178' title='bbox 103 1895 136 1921; x_wconf 82' lang='lat'>25</span> <span class='ocrx_word' id='word_1_179' title='bbox 156 1882 315 1924; x_wconf 72' lang='lat' dir='ltr'>Navita</span> <span class='ocrx_word' id='word_1_180' title='bbox 346 1883 556 1925; x_wconf 86' lang='lat' dir='ltr'>sollicitus</span> <span class='ocrx_word' id='word_1_181' title='bbox 589 1897 685 1925; x_wconf 90' lang='lat' dir='ltr'>cum</span> <span class='ocrx_word' id='word_1_182' title='bbox 715 1886 866 1924; x_wconf 83' lang='lat' dir='ltr'>ventos</span> <span class='ocrx_word' id='word_1_183' title='bbox 897 1883 1043 1924; x_wconf 84' lang='lat' dir='ltr'>horret</span> <span class='ocrx_word' id='word_1_184' title='bbox 1074 1883 1244 1937; x_wconf 88' lang='lat' dir='ltr'>iniquos</span> 
     </span>
     <span class='ocr_line' id='line_1_31' title="bbox 214 1941 1425 1996; baseline 0.001 -14"><span class='ocrx_word' id='word_1_185' title='bbox 214 1941 273 1982; x_wconf 90' lang='lat' dir='ltr'>Et</span> <span class='ocrx_word' id='word_1_186' title='bbox 302 1955 434 1996; x_wconf 89' lang='lat' dir='ltr'>prope</span> <span class='ocrx_word' id='word_1_187' title='bbox 466 1944 557 1983; x_wconf 89' lang='lat' dir='ltr'>tam</span> <span class='ocrx_word' id='word_1_188' title='bbox 586 1941 740 1995; x_wconf 86' lang='lat' dir='ltr'>letum,</span> <span class='ocrx_word' id='word_1_189' title='bbox 771 1956 898 1995; x_wconf 90' lang='lat' dir='ltr'>quam</span> <span class='ocrx_word' id='word_1_190' title='bbox 929 1955 1060 1995; x_wconf 87' lang='lat' dir='ltr'>prope</span> <span class='ocrx_word' id='word_1_191' title='bbox 1093 1941 1228 1982; x_wconf 83' lang='lat' dir='ltr'>cernit</span> <span class='ocrx_word' id='word_1_192' title='bbox 1259 1956 1425 1995; x_wconf 89' lang='lat' dir='ltr'>aquam.</span> 
     </span>
     <span class='ocr_line' id='line_1_32' title="bbox 157 1997 1225 2054; baseline 0.001 -14"><span class='ocrx_word' id='word_1_193' title='bbox 157 1997 279 2047; x_wconf 85' lang='lat' dir='ltr'>Quod</span> <span class='ocrx_word' id='word_1_194' title='bbox 310 2000 346 2040; x_wconf 91' lang='lat' dir='ltr'>si</span> <span class='ocrx_word' id='word_1_195' title='bbox 378 2014 605 2041; x_wconf 88' lang='lat' dir='ltr'>concussas</span> <span class='ocrx_word' id='word_1_196' title='bbox 638 1999 791 2040; x_wconf 88' lang='lat' dir='ltr'>Triton</span> <span class='ocrx_word' id='word_1_197' title='bbox 822 2002 1042 2054; x_wconf 80' lang='lat' dir='ltr'>exasperet</span> <span class='ocrx_word' id='word_1_198' title='bbox 1073 1999 1225 2054; x_wconf 80' lang='lat' dir='ltr'>undas,</span> 
     </span>
     <span class='ocr_line' id='line_1_33' title="bbox 215 2056 1199 2106; baseline -0.001 -7"><span class='ocrx_word' id='word_1_199' title='bbox 215 2056 352 2106; x_wconf 80' lang='lat' dir='ltr'>Quam</span> <span class='ocrx_word' id='word_1_200' title='bbox 382 2058 464 2098; x_wconf 91' lang='lat' dir='ltr'>tibi</span> <span class='ocrx_word' id='word_1_201' title='bbox 498 2058 554 2099; x_wconf 93' lang='lat' dir='ltr'>sit</span> <span class='ocrx_word' id='word_1_202' title='bbox 586 2060 680 2098; x_wconf 92' lang='lat' dir='ltr'>toto</span> <span class='ocrx_word' id='word_1_203' title='bbox 712 2057 854 2098; x_wconf 89' lang='lat' dir='ltr'>nullus</span> <span class='ocrx_word' id='word_1_204' title='bbox 886 2057 931 2098; x_wconf 92' lang='lat' dir='ltr'>in</span> <span class='ocrx_word' id='word_1_205' title='bbox 963 2071 1033 2098; x_wconf 91' lang='lat' dir='ltr'>ore</span> <span class='ocrx_word' id='word_1_206' title='bbox 1066 2058 1199 2099; x_wconf 90' lang='lat' dir='ltr'>color!</span> 
     </span>
     <span class='ocr_line' id='line_1_34' title="bbox 156 2114 1233 2171; baseline 0.001 -15"><span class='ocrx_word' id='word_1_207' title='bbox 156 2114 265 2156; x_wconf 89' lang='lat' dir='ltr'>Tum</span> <span class='ocrx_word' id='word_1_208' title='bbox 297 2129 503 2171; x_wconf 87' lang='lat' dir='ltr'>generosa</span> <span class='ocrx_word' id='word_1_209' title='bbox 533 2130 658 2157; x_wconf 83' lang='lat' dir='ltr'>voces</span> <span class='ocrx_word' id='word_1_210' title='bbox 689 2115 892 2157; x_wconf 74' lang='lat' dir='ltr'>fecrmdae</span> <span class='ocrx_word' id='word_1_211' title='bbox 926 2115 1063 2156; x_wconf 88' lang='lat' dir='ltr'>sidera</span> <span class='ocrx_word' id='word_1_212' title='bbox 1094 2115 1233 2157; x_wconf 88' lang='lat' dir='ltr'>Ledae</span> 
     </span>
     <span class='ocr_line' id='line_1_35' title="bbox 105 2173 1210 2228; baseline 0.001 -14"><span class='ocrx_word' id='word_1_213' title='bbox 105 2184 139 2210; x_wconf 78' lang='lat'>30</span> <span class='ocrx_word' id='word_1_214' title='bbox 215 2173 274 2215; x_wconf 88' lang='lat' dir='ltr'>Et</span> <span class='ocrx_word' id='word_1_215' title='bbox 306 2173 451 2228; x_wconf 73' lang='lat' dir='ltr'>‘felix&#39;‚</span> <span class='ocrx_word' id='word_1_216' title='bbox 482 2174 597 2215; x_wconf 86' lang='lat' dir='ltr'>dicas</span> <span class='ocrx_word' id='word_1_217' title='bbox 630 2173 772 2227; x_wconf 74' lang='lat' dir='ltr'>‘quem</span> <span class='ocrx_word' id='word_1_218' title='bbox 794 2189 881 2220; x_wconf 80' lang='lat' dir='ltr'>sua</span> <span class='ocrx_word' id='word_1_219' title='bbox 914 2177 1029 2215; x_wconf 87' lang='lat' dir='ltr'>terra</span> <span class='ocrx_word' id='word_1_220' title='bbox 1059 2174 1210 2215; x_wconf 84' lang='lat' dir='ltr'>tenet!&#39;</span> 
     </span>
     <span class='ocr_line' id='line_1_36' title="bbox 157 2231 1190 2287; baseline 0.002 -15"><span class='ocrx_word' id='word_1_221' title='bbox 157 2231 308 2273; x_wconf 90' lang='lat' dir='ltr'>Tutius</span> <span class='ocrx_word' id='word_1_222' title='bbox 341 2236 406 2274; x_wconf 88' lang='lat' dir='ltr'>est</span> <span class='ocrx_word' id='word_1_223' title='bbox 436 2232 593 2273; x_wconf 79' lang='lat' dir='ltr'>fovisse</span> <span class='ocrx_word' id='word_1_224' title='bbox 624 2236 785 2286; x_wconf 71' lang='lat' dir='ltr'>torum,</span> <span class='ocrx_word' id='word_1_225' title='bbox 815 2232 970 2287; x_wconf 83' lang='lat' dir='ltr'>legisse</span> <span class='ocrx_word' id='word_1_226' title='bbox 1002 2232 1190 2287; x_wconf 80' lang='lat' dir='ltr'>libellos,</span> 
     </span>
     <span class='ocr_line' id='line_1_37' title="bbox 216 2290 1103 2346; baseline 0.001 -15"><span class='ocrx_word' id='word_1_227' title='bbox 216 2290 454 2332; x_wconf 84' lang='lat' dir='ltr'>Threiciam</span> <span class='ocrx_word' id='word_1_228' title='bbox 486 2290 632 2346; x_wconf 87' lang='lat' dir='ltr'>digitis</span> <span class='ocrx_word' id='word_1_229' title='bbox 663 2291 923 2345; x_wconf 87' lang='lat' dir='ltr'>increpuisse</span> <span class='ocrx_word' id='word_1_230' title='bbox 955 2291 1103 2345; x_wconf 87' lang='lat' dir='ltr'>lyram.</span> 
     </span>
     <span class='ocr_line' id='line_1_38' title="bbox 1167 2359 1212 2395; baseline 0 -19"><span class='ocrx_word' id='word_1_231' title='bbox 1167 2359 1212 2395; x_wconf 71' lang='lat'>3*</span> 
     </span>
    </p>
   </div>
  </div>
 </body>
</html>
