1674 2662
548 126 591 169 Π,
618 137 692 168 vm,
719 134 921 167 9—VImb‚
949 133 993 159 28.
1397 121 1451 162 33

111 223 268 277 Roma,
298 221 383 263 nisi
413 221 655 262 inmensum
686 220 796 261 vires
829 219 1034 261 movisset
1064 218 1110 259 in
1142 218 1306 270 orbem,

173 280 424 323 Stramineis
458 282 569 320 esset
601 293 712 320 nunc
746 292 912 332 quoque
945 280 1059 319 tecta
1092 276 1212 318 casis.

112 339 270 381 Fessus
301 339 347 379 in
379 340 576 392 acceptos
608 337 730 378 miles
763 336 984 377 deducitur
1017 349 1161 390 agros,

60 410 93 435 20
171 397 360 438 Mittitur
390 397 437 437 in
469 396 603 437 saltus
637 409 802 436 carcere
834 394 942 435 liber
974 408 1124 447 equus3

112 456 346 511 Longaque
379 455 634 496 subductam
668 453 806 494 celant
837 452 1006 493 navalia
1036 452 1203 505 pinum,

171 514 364 568 Tutaque
397 512 591 567 deposito
624 512 817 566 poscitur
850 525 947 551 ense
979 510 1114 550 rudis:

114 571 184 613 Me
218 585 405 626 quoque,
438 571 510 624 qui
542 570 702 611 totiens
735 569 871 610 merui
904 569 981 609 sub
1016 582 1158 609 amore
1190 566 1374 621 puellae,

172 630 435 671 Defunctum
465 629 629 683 placide
662 628 801 669 vivere
834 630 1002 681 tempus
1035 629 1136 667 erat.

61 758 94 784 25
115 745 253 788 ‘Vive'
287 746 388 787 deus
421 745 594 800 ‘posito'
628 745 762 798 siquis
794 744 899 784 mihi
932 743 1044 784 dicat
1077 740 1265 795 eamore’,
1313 743 1455 778 VIHIb.

174 805 404 859 Deprecer:
439 818 573 857 usque
607 803 710 844 adeo
743 802 863 843 dulce
895 801 1036 856 puella
1068 800 1281 841 malumst.

117 863 225 905 Cum
257 863 363 903 bene
394 864 699 916 pertaesumst,
732 860 957 913 animoque
990 858 1203 913 relanguit
1237 858 1378 910 ardor,

176 921 333 962 Nescio
367 935 450 974 quo
483 920 663 960 miserae
695 918 866 959 turbine
899 917 1055 958 mentis
1088 931 1203 971 agor.

115 978 176 1020 Ut
201 979 315 1033 rapit
338 979 384 1020 in
407 992 610 1033 praeceps
637 977 856 1018 dominum
883 975 1125 1030 spumantia
1150 974 1312 1015 frustra
1426 984 1440 1008 5

64 1049 99 1074 30
176 1037 315 1078 Frena
346 1039 634 1078 retentantem
667 1035 811 1076 durior
844 1034 928 1075 oris
962 1048 1112 1087 equus,

118 1094 178 1137 Ut
211 1096 398 1150 subitus,
428 1109 560 1150 prope
590 1094 678 1135 iam
709 1108 863 1147 prensa
895 1092 1066 1145 tellure,
1098 1091 1286 1132 carinam

177 1154 443 1209 Tangentem
474 1155 623 1208 portus
656 1155 808 1193 ventus
840 1151 886 1191 in
917 1151 1003 1191 alta
1035 1150 1166 1204 rapit,

120 1211 189 1254 Sic
221 1227 288 1253 me
321 1227 445 1266 saepe
476 1211 607 1252 refert
637 1211 801 1251 incerta
833 1208 1053 1263 Cupidinis
1088 1223 1207 1262 aura,

179 1269 380 1325 Notaque
411 1283 650 1324 purpureus
681 1268 767 1309 tela
798 1267 977 1308 resumit
1008 1267 1153 1307 Amor.
1410 1275 1442 1299 10

67 1340 101 1365 35
123 1328 248 1383 Fige,
279 1329 399 1383 puer!
432 1327 586 1382 positis
616 1327 755 1367 nudus
787 1326 868 1366 tibi
899 1325 1105 1379 praebeor
1137 1324 1282 1365 armis:

181 1386 263 1428 Hic
295 1387 376 1427 tibi
409 1389 508 1427 sunt
539 1385 668 1439 vires,
698 1384 781 1425 huc
813 1387 887 1425 tua
920 1384 1068 1424 dextra
1097 1382 1219 1435 facit3

120 1445 215 1486 Huc
247 1448 468 1498 tamquam
497 1444 638 1484 iussae
670 1443 847 1484 veniunt
877 1442 965 1482 iam
997 1444 1148 1495 sponte
1182 1439 1381 1494 sagittae:

178 1503 265 1544 Vix
295 1503 381 1544 illis
412 1517 513 1557 prae
545 1516 612 1543 me
642 1504 747 1542 nota
777 1500 980 1555 pharetra
1011 1503 1140 1540 suast.

120 1561 293 1616 Infelix,
324 1564 418 1602 tota
450 1561 705 1615 quicumque
736 1559 950 1613 quiescere
982 1561 1107 1599 nocte
1412 1566 1443 1590 15

66 1632 100 1657 40
181 1619 374 1661 Sustinet
406 1622 448 1660 et
480 1633 651 1660 somnos
683 1617 873 1672 praemia
904 1631 1060 1672 magna
1091 1615 1231 1656 vocat!

123 1677 282 1733 Stulte,
319 1678 420 1732 quid
457 1681 522 1719 est
554 1691 747 1731 somnus,
785 1676 948 1731 gelidae
985 1674 1068 1715 nisi
1100 1673 1251 1715 mortis
1288 1671 1461 1726 imago?

181 1736 333 1792 Longa
365 1736 608 1791 quiescendi
640 1738 835 1789 tempora
866 1734 956 1774 fata
988 1733 1160 1774 dabunt.

121 1794 190 1836 Me
222 1795 348 1836 modo
382 1794 595 1848 decipiant
627 1807 752 1835 voces
784 1792 950 1833 fallacis
983 1791 1163 1843 amicae,

182 1852 399 1907 Sperando
427 1855 539 1893 certe
573 1851 727 1906 gaudia
759 1865 915 1905 magna
945 1850 1097 1903 feram,
1412 1857 1445 1882 20

68 1922 102 1948 45
122 1911 180 1952 Et
212 1912 337 1952 modo
371 1910 600 1951 blanditias
635 1909 766 1963 dicat,
796 1909 922 1949 modo
954 1907 1095 1962 iurgia
1126 1908 1286 1959 nectat3
1424 1917 1429 1919 ·

183 1968 317 2024 Saepe
349 1969 467 2010 fruar
499 1967 688 2021 domina,
719 1981 843 2021 saepe
875 1965 1068 2020 repulsus
1102 1979 1205 2006 eam.

123 2026 246 2076 Quod
280 2027 432 2068 dubius
464 2027 579 2068 Mars
613 2029 695 2080 est,
731 2040 806 2079 per
837 2028 898 2079 te,
934 2023 1128 2078 privigne
1161 2021 1344 2076 Cupido,
1381 2024 1464 2074 est,

181 2085 240 2126 Et
271 2089 415 2126 movet
446 2085 639 2139 exemplo
671 2083 848 2124 vitricus
881 2097 998 2123 arma
1029 2085 1116 2122 tuo.

123 2143 188 2184 Tu
219 2144 324 2185 levis
357 2158 400 2184 es
432 2144 652 2196 multoque
685 2141 771 2182 tuis
803 2140 1022 2182 ventosior
1055 2140 1133 2180 alis
1413 2149 1445 2173 25

69 2213 103 2238 50
184 2201 431 2255 Gaudiaque
464 2202 666 2256 ambigua
698 2201 854 2253 dasque
886 2213 1102 2254 negasque
1133 2198 1232 2249 fide3

125 2258 170 2301 Si
201 2263 347 2301 tamen
378 2260 569 2314 exaudis,
599 2258 778 2313 pulchra
809 2272 905 2299 cum
937 2260 1090 2311 matre,
1122 2255 1304 2310 Cupido,

182 2318 401 2360 Indeserta
433 2333 528 2360 meo
560 2320 731 2372 pectore
758 2330 891 2372 regna
923 2330 1040 2372 gere3

194 2393 283 2420 Ovm.
312 2394 336 2418 I.
1156 2387 1175 2418 3
