1674 2662
679 185 825 211 29—102.
1317 176 1404 217 249

128 270 219 312 Nec
251 270 447 312 manibus
479 270 640 312 Danais
671 269 881 325 Pergama
910 269 1025 310 victa
1056 270 1224 324 cadent3

71 329 194 384 Inpia
225 329 261 370 si
291 332 464 370 nostros
495 328 671 384 legisset
704 326 846 382 Scylla
874 327 1062 383 libellos,

130 386 351 428 Haesisset
383 386 513 441 capiti
543 401 749 441 purpura,
779 385 902 441 Nise,
932 389 1019 427 tuo.

71 445 140 486 Me
173 445 276 486 duce
309 445 555 499 damnosas,
584 444 798 499 homines,
829 444 1069 498 conpescite
1102 459 1241 498 curas,

21 515 54 540 το
131 503 347 556 Rectaque
379 517 475 544 cum
507 502 634 544 sociis
665 516 732 544 me
764 478 868 544 d'uce
898 502 1019 543 navis
1052 504 1135 544 eat!

71 560 189 603 Naso
220 561 422 616 legendus
455 564 545 602 erat
576 554 687 615 tum,
718 575 814 602 cum
845 560 1052 602 didicistis
1086 575 1244 602 amare:

130 619 248 660 Idem
278 633 389 660 nunc
421 619 543 660 vobis
575 618 693 660 Naso
724 619 926 674 legendus
959 619 1050 660 erit.

71 677 274 718 Publicus
306 692 350 718 as
354 681 491 718 sertor
522 677 704 718 dominis
737 691 963 731 suppressa
993 677 1144 718 levabo

129 735 327 777 Pectora:
358 735 570 776 vindictae
602 735 779 789 quisque
809 735 950 776 favete
983 736 1099 776 suae!

21 805 53 831 75
72 793 130 834 Te
162 807 312 848 precor
341 793 569 847 incipiens,
601 793 711 834 adsit
742 796 817 835 tua
848 793 992 834 laurea
1021 793 1166 847 nobis,

131 851 342 893 Carminis
375 854 417 892 et
448 851 652 905 medicae,
682 850 873 906 Phoebe,
903 854 1095 905 repertor
1127 851 1237 905 opis3

72 909 136 950 Tu
166 909 326 964 pariter
356 909 463 963 vati,
493 910 653 964 pariter
685 923 880 951 succurre
912 909 1114 950 medenti:

130 966 321 1021 Utraque
353 967 512 1008 tutelae
544 967 716 1008 subdita
747 982 848 1008 cura
878 971 1031 1008 tuaest.

73 1025 186 1066 Dum
217 1025 336 1079 licet,
368 1029 410 1066 et
439 1025 596 1066 modici
627 1028 812 1080 tangunt
842 1025 1090 1079 praecordia
1120 1027 1281 1079 motus,

19 1095 53 1120 80
132 1082 176 1124 Si
206 1083 344 1138 piget,
374 1083 420 1124 in
448 1083 587 1137 primo
619 1083 765 1124 limine
798 1083 900 1125 siste
930 1083 1099 1137 pedem3

72 1140 292 1196 Opprime,
322 1141 423 1182 dum
452 1155 564 1182 nova
595 1144 712 1195 sunt,
749 1141 881 1182 subiti
918 1142 1031 1182 mala
1062 1141 1224 1183 semina
1255 1141 1410 1196 morbi,

130 1199 188 1239 Et
219 1202 319 1240 tuus
349 1199 555 1253 incipiens
586 1199 647 1240 ire
679 1199 851 1240 resistat
883 1201 1031 1253 equus!

72 1256 184 1298 Nam
216 1271 336 1297 mora
367 1257 439 1297 dat
470 1257 598 1298 vires:
629 1260 798 1298 teneras
828 1271 949 1298 mora
978 1258 1202 1311 percoquit
1233 1272 1336 1299 uvas

130 1315 190 1356 Et
219 1314 381 1355 validas
415 1318 598 1369 segetes,
629 1315 742 1368 quod
771 1314 855 1355 fuit
884 1315 1034 1369 herba,
1064 1315 1180 1356 facit.

20 1384 54 1410 85
73 1371 189 1421 Quae
220 1372 397 1426 praebet
426 1373 537 1413 latas
570 1372 696 1413 arbor
727 1372 1012 1426 spatiantibus
1044 1373 1236 1426 umbras,

0 1431 1 1447 ¹
133 1430 225 1479 Quo
257 1430 442 1484 positast
472 1430 658 1484 primum
688 1433 898 1484 tempore,
927 1431 1050 1486 Virga
1079 1431 1179 1471 fuit:

73 1488 181 1529 Tum
211 1491 381 1542 poterat
411 1488 607 1529 manibus
639 1502 806 1529 summa
836 1488 986 1529 tellure
1017 1489 1180 1543 revelli,

131 1545 256 1587 Nunc
289 1548 376 1587 stat
405 1546 451 1587 in
481 1546 722 1587 inmensum
752 1546 914 1587 viribus
947 1549 1043 1588 acta
1074 1547 1172 1588 suis.

74 1602 206 1652 Quale
238 1604 294 1645 sit
324 1604 386 1658 id,
417 1604 529 1658 quod
561 1619 696 1657 amas,
727 1604 853 1645 celeri
885 1604 1160 1659 circumspice
1191 1607 1332 1645 mente

22 1673 55 1698 90
132 1661 190 1702 Et
221 1664 295 1702 tua
325 1662 492 1703 laesuro
526 1662 728 1703 subtrahe
761 1662 871 1703 colla
900 1663 1014 1717 iugo.

74 1719 300 1774 Principiis
333 1720 474 1761 obsta:
507 1734 600 1761 sero
632 1720 841 1761 medicina
870 1724 1064 1775 paratur,

135 1775 243 1818 Cum
273 1778 386 1818 mala
415 1792 491 1832 per
520 1778 672 1833 longas
706 1778 954 1819 convaluere
986 1792 1139 1819 moras.

76 1833 158 1876 Sed
188 1849 369 1889 propera
397 1849 475 1876 nec
505 1839 548 1876 te
579 1838 778 1877 venturas
810 1836 931 1877 differ
960 1837 1007 1876 in
1036 1836 1180 1877 horas:

134 1892 215 1941 Quj
245 1906 334 1933 non
365 1895 429 1934 est
459 1892 602 1945 hodie,
635 1907 725 1935 cras
758 1894 897 1934 minus
930 1898 1054 1948 aptus
1087 1893 1178 1934 erit.

22 1961 56 1987 95
73 1950 219 1991 Verba
249 1951 322 1991 (lat
353 1950 490 1991 omnis
523 1964 642 1992 amor
677 1952 917 2005 reperitque
955 1952 1156 1992 ah'menta
1186 1952 1409 1994 morando:

134 2007 308 2062 Optima
338 2008 548 2050 vindictae
579 2009 773 2063 proxima
805 2023 994 2063 quaeque
1027 2010 1127 2050 dies.

75 2065 274 2107 Flumina
303 2081 438 2120 pauca
469 2066 585 2107 vides
618 2066 667 2107 de
698 2067 866 2122 magnis
897 2067 1089 2108 fontibus
1122 2071 1231 2109 orta:

133 2123 322 2165 Plurima
353 2124 542 2165 collectis
574 2124 914 2179 multiplicantur
945 2125 1083 2180 aquis3

77 2180 123 2223 Si
154 2182 239 2223 cito
272 2182 495 2236 sensisses,
527 2186 733 2235 quantum
763 2197 938 2237 peccare
968 2198 1158 2238 parares,

0 2251 58 2290 ἰοῦ
134 2238 233 2280 Non
264 2243 429 2295 tegeres
461 2240 603 2281 vultus
635 2240 810 2295 cortice,
839 2240 1034 2296 Myrrha,
1063 2244 1171 2283 tuos

75 2296 175 2338 Vidi
207 2311 305 2352 ego,
336 2297 449 2351 quod
479 2298 618 2339 fuerat
649 2298 786 2352 primo
818 2299 1026 2354 sanabile,
1056 2300 1208 2341 vulnus

134 2354 328 2396 Dilatum
357 2355 510 2410 longae
541 2356 694 2397 damna
724 2356 872 2398 tulisse
903 2371 1064 2413 morae,
