1674 2662
653 154 695 197 II,
721 163 882 189 aei—434.
1354 152 1439 193 215

161 250 238 304 Et,
269 249 394 291 modo
428 249 540 303 quod
573 252 783 302 questast,
813 248 904 302 ipse
937 261 1131 302 querare,
1161 246 1275 289 facit.

103 309 217 351 Dum
248 308 330 348 fuit
363 308 534 348 Atrides
566 321 652 347 una
683 310 927 360 contentus,
959 308 1000 346 et
1031 305 1105 347 illa

34 379 87 404 400
163 365 292 408 Casta
323 365 422 418 fuit3
455 365 603 406 vitiost
634 365 815 418 inproba
846 364 960 405 facta
991 363 1086 404 viri:

2 419 7 497 ι
104 425 309 466 Audierat
340 424 589 476 laurumque
622 437 749 463 manu
780 422 994 475 vittasque
1026 421 1233 463 ferentem

2 502 7 517 ι
162 482 244 523 Pro
276 485 379 523 nata
411 480 602 535 Chrysen
633 495 720 522 non
751 480 933 521 valuisse
967 494 1060 535 sua3

1 523 7 610 ἰ
106 541 327 594 Audierat,
358 539 556 594 Lyrnesi,
588 542 703 593 tuos,
735 539 936 592 abducta,
967 538 1133 579 dolores

2 621 4 639 ι
164 599 366 651 Bellaque
397 612 472 652 per
503 597 640 651 turpis
672 597 842 652 longius
875 596 959 638 isse
991 610 1151 649 moras3

0 642 7 741 ἱ
34 669 86 694 405
106 656 219 698 Haec
253 660 396 697 tamen
429 656 635 696 audierat:
667 654 907 695 Priameida
938 654 1101 695 viderat
1131 654 1225 708 ipsa

0 747 6 783 Ι
165 714 334 769 (Victor
366 717 457 755 erat
488 714 666 767 praedae
697 713 854 767 praeda
883 712 1078 766 pudenda
1109 711 1247 767 suae)3

0 788 6 829 ς
106 772 209 814 Inde
241 772 526 826 Thyestiaden
558 771 698 812 animo
731 771 1004 824 thalamoque
1036 770 1195 824 recepit

1 842 3 860 ¹
165 830 223 871 Et
254 830 363 871 male
395 833 640 884 peccantem
672 829 880 883 Tyndaris
912 828 1004 869 ulta
1034 828 1183 869 virum.

108 888 223 937 Quae
254 889 360 929 bene
393 888 560 941 celaris',
592 887 736 940 siquae
768 890 913 928 tamen
945 890 1040 927 acta
1070 886 1297 940 patebunt,

35 959 88 984 410
166 946 263 1000 Illa,
293 946 393 987 licet
424 949 618 999 pateant,
648 948 695 985 tu
727 948 873 986 tamen
903 959 1036 997 usque
1067 945 1193 999 nega!

0 1034 5 1062 9
106 1004 214 1045 Tum
244 1018 379 1058 neque
412 1003 628 1044 subiectus
662 1003 790 1044 solito
821 1017 898 1044 nec
929 1002 1126 1043 blandior
1158 1005 1266 1043 esto:

164 1061 280 1103 Haec
314 1061 444 1102 animi
476 1061 660 1102 multum
692 1061 815 1116 signa
845 1060 1040 1102 nocentis
1072 1060 1248 1112 habent3

0 1066 5 1187 i
108 1119 190 1161 Sed
219 1120 344 1160 lateri
375 1134 428 1160 ne
459 1133 583 1173 parce
615 1122 712 1160 tuo:
742 1133 825 1172 pax
857 1118 993 1159 omnis
1025 1118 1071 1158 in
1102 1121 1248 1159 unost:

167 1176 407 1219 Concubitu
437 1178 553 1231 prior
585 1180 649 1218 est
679 1177 903 1218 infitianda
933 1176 1091 1217 Venus.

37 1247 88 1273 415
110 1235 237 1289 Sunt,
269 1250 374 1289 quae
406 1235 668 1289 praecipiant
698 1234 871 1288 herbas,
903 1234 1106 1288 satureia,
1136 1234 1330 1275 nocentis

168 1293 358 1334 Sumere:
389 1292 556 1333 iudiciis
588 1293 672 1333 ista
704 1306 865 1332 venena
896 1292 1020 1346 meis,

109 1353 197 1393 Aut
228 1351 349 1405 piper
379 1350 540 1391 urticae
572 1350 782 1391 mordacis
815 1349 973 1390 semine
1006 1349 1186 1390 miscent

166 1409 368 1463 Tritaque
398 1409 444 1449 in
475 1422 636 1449 annoso
669 1408 778 1449 flava
807 1407 1010 1461 pyrethra
1041 1421 1176 1461 mero3

111 1467 193 1510 Sed
225 1468 302 1508 dea
330 1480 418 1507 non
448 1466 610 1520 patitur
643 1466 702 1507 sic
735 1466 787 1506 ad
819 1480 895 1506 sua
928 1465 1082 1519 gaudia
1114 1465 1229 1519 cogi,

39 1536 92 1562 420
169 1524 287 1566 Colle
320 1525 397 1566 sub
429 1525 631 1565 umbroso
665 1538 792 1577 quam
823 1526 940 1564 tenet
974 1523 1084 1563 altus
1116 1523 1244 1576 EryX.

112 1581 344 1637 Candidus,
376 1582 575 1623 Alcathoi
607 1582 679 1636 qui
711 1581 899 1622 mittitur
930 1581 1034 1621 urbe
1066 1580 1266 1635 Pelasga,

169 1641 332 1682 Bulbus
365 1644 423 1694 et,
455 1655 506 1681 ex
534 1640 660 1681 horto
694 1654 799 1693 quae
830 1639 965 1692 venit,
994 1639 1128 1679 herba
1160 1638 1277 1679 salax

112 1699 284 1752 Ovaque
316 1702 555 1751 sumantur,
587 1701 809 1739 sumantur
838 1697 1062 1751 Hymettia
1093 1696 1237 1750 mella,

172 1757 367 1810 Quasque
400 1756 501 1797 tulit
531 1756 634 1797 folio
667 1756 791 1810 pinus
825 1759 949 1796 acuta
979 1769 1119 1796 nuces.

42 1826 93 1852 425
113 1815 270 1869 Docta,
302 1814 402 1868 quid
434 1814 486 1855 ad
516 1814 722 1868 magicas,
753 1814 905 1867 Erato,
936 1812 1166 1853 deverteris
1199 1812 1341 1853 artes?

171 1873 356 1914 Interior
387 1886 512 1913 curru
543 1874 656 1912 meta
686 1871 860 1912 terenda
890 1873 1039 1911 meost.

114 1931 195 1980 Qui
227 1931 352 1971 modo
385 1930 551 1971 celabas
584 1929 749 1970 monitu
779 1932 854 1969 tua
886 1928 1063 1970 crimina
1093 1931 1260 1982 nostro,

172 1989 316 2030 Flecte
347 1989 429 2029 iter
460 1991 502 2029 et
534 1987 699 2028 monitu
731 1987 880 2041 detege
911 1986 1027 2027 furta
1058 1987 1169 2027 meo!

0 2077 1 2101 ἱ
114 2046 204 2088 Nec
236 2047 386 2087 levitas
419 2045 627 2100 culpanda
657 2048 810 2086 meast:
841 2058 929 2085 non
960 2058 1126 2098 semper
1157 2044 1304 2085 eodem

43 2116 96 2141 430
173 2104 389 2159 Inpositos
422 2106 548 2145 vento
579 2103 718 2157 panda
750 2102 893 2144 carina
923 2102 1058 2157 vehit,

117 2163 229 2204 Nam
261 2162 386 2203 modo
419 2161 614 2203 Threicio
646 2160 801 2215 Borea,
832 2160 957 2201 modo
991 2160 1198 2202 currimus
1230 2160 1367 2214 Euro,

175 2220 308 2275 Saepe
340 2223 506 2261 tument
538 2219 729 2273 Zephyro
761 2219 910 2273 lintea,
942 2233 1065 2273 saepe
1097 2217 1231 2273 Noto,

116 2279 316 2333 Adspice,
347 2281 395 2319 ut
425 2278 470 2318 in
501 2292 625 2319 curru
657 2277 781 2318 modo
815 2277 885 2318 det
916 2276 1131 2317 fluitantia
1162 2279 1302 2318 rector

173 2337 303 2391 Lora,
335 2336 459 2378 modo
492 2335 698 2377 admissos
731 2338 821 2376 arte
853 2337 1038 2376 retentet
1070 2349 1211 2389 equos.
