1674 2662
417 171 494 206 XX.
522 171 648 218 [XXL]
677 169 908 205 CYDIPPE
936 179 1094 205 116—189.
1343 171 1422 210 171

92 264 324 319 Confiteor,
354 264 484 306 timeo
518 278 665 305 saevae
696 264 900 305 Latoidos
931 264 1038 304 iram

148 324 206 364 Et
238 337 390 377 corpus
421 323 531 363 laedi
563 322 755 376 suspicor
785 322 880 362 inde
912 336 1064 363 meum.

20 393 71 418 155
90 380 203 422 Nam
235 395 382 434 quare,
414 380 610 435 quotiens
643 379 817 421 socialia
843 394 961 421 sacra
992 383 1213 433 parantur,

148 438 370 493 Nupturae
402 438 560 479 totiens
592 438 791 493 languida
823 438 1013 478 membra
1046 437 1229 478 cadunt?

90 496 170 537 Ter
202 497 306 537 mihi
337 497 423 537 iam
454 496 625 536 veniens
657 496 818 549 positas
850 495 1121 549 Hymenaeus
1155 495 1206 536 ad
1239 510 1332 536 aras

147 554 279 609 Fugit
312 557 353 595 et
386 569 409 595 a
441 554 618 594 thalami
650 553 794 594 limine
826 556 947 608 terga
979 553 1111 606 dedit,

91 612 256 666 Vixque
288 626 417 652 manu
448 612 571 666 pigra
602 611 760 652 totiens
791 611 931 651 infusa
962 611 1140 651 resumit

18 682 70 706 160
147 670 347 724 Lumina,
378 670 447 710 vix
479 674 596 710 moto
631 669 805 722 corripit
836 669 935 723 igne
966 669 1097 722 faces3

89 726 221 782 Saepe
254 728 467 769 coronatis
500 727 665 768 stillant
697 730 913 781 unguenta
946 727 1109 780 capillis

145 786 202 826 Et
234 785 421 826 trahitur
452 785 587 826 multo
620 784 837 838 splendida
867 784 980 838 palla
1012 798 1153 826 croco:

88 842 194 884 Cum
225 843 369 898 tetigit
401 843 547 896 limen,
578 842 1040 895 lacrimasmortisque
1072 842 1270 883 timorem

147 899 293 942 Cernit
324 904 366 942 et
398 915 422 941 a
451 901 568 942 cultu
600 900 735 940 multa
766 903 929 940 remota
962 914 1055 953 suo,

18 971 67 996 167
86 958 143 999 Et
174 959 303 1012 pudet
333 959 378 998 in
409 958 526 998 tristi
557 958 716 998 laetum
748 971 1002 1012 consurgere
1034 958 1178 1011 turba,

0 1007 66 1064 1168
145 1015 310 1070 Quique
342 1019 432 1056 erat
463 1016 508 1056 in
539 1015 670 1069 palla,
700 1015 855 1055 transit
885 1015 931 1055 in
963 1029 1036 1055 ora
1066 1016 1214 1070 rubor,

0 1069 66 1111 {165
85 1073 246 1115 Proicit
277 1074 367 1128 ipse
400 1088 498 1114 suas
531 1073 579 1113 de
611 1073 737 1113 ducta
768 1073 907 1113 fronte
939 1087 1117 1113 coronas

145 1131 373 1186 Spissaque
405 1132 454 1172 de
485 1130 632 1171 m'tidis
664 1131 796 1185 tergit
827 1144 996 1171 amoma
1027 1131 1177 1185 comis3

15 1201 66 1226 169
85 1189 144 1230 At
176 1189 281 1230 mihi
312 1190 404 1229 vae!
438 1188 615 1229 miserae
647 1191 863 1229 torrentur
894 1188 1085 1229 febribus
1119 1193 1236 1230 artus

136 1238 201 1287 'Et
233 1247 404 1302 gravius
435 1247 549 1286 iusto
581 1246 709 1299 pallia
740 1246 904 1300 pondus
935 1246 1112 1300 habent,

84 1304 326 1358 Nostraque
359 1304 574 1358 plorantes
606 1304 727 1344 video
761 1318 886 1356 super
918 1318 991 1344 ora
1022 1308 1237 1358 parentes,

142 1363 199 1403 Et
231 1362 322 1403 face
354 1376 430 1416 pro
463 1361 641 1402 thalami
672 1361 743 1401 fax
774 1361 879 1401 mihi
910 1361 1062 1401 mortis
1095 1362 1224 1402 adest.

82 1420 213 1461 Parce
244 1419 476 1473 laboranti,
508 1419 622 1472 picta
654 1419 729 1459 dea
761 1418 874 1459 laeta
903 1419 1121 1472 pharetra,

141 1478 290 1531 Daque
323 1477 586 1518 salutiferam
617 1477 703 1516 iam
734 1476 837 1516 mihi
870 1476 1014 1516 fratris
1048 1491 1187 1530 opem:

13 1549 63 1572 175
83 1536 221 1590 Turpe
252 1535 393 1589 tibist,
423 1535 545 1575 illum
577 1549 723 1575 causas
757 1534 962 1587 depellere
994 1534 1087 1587 leti,

140 1593 197 1634 Te
230 1596 379 1634 contra
410 1593 585 1633 titulum
616 1592 767 1632 mortis
800 1592 955 1632 habere
987 1606 1114 1633 meae.

82 1650 318 1705 Numquid,
348 1651 393 1691 111
423 1651 626 1691 umbroso
659 1665 755 1690 cum
786 1650 914 1690 velles
947 1650 1064 1690 fonte
1096 1650 1246 1704 lavari,

140 1709 374 1762 Inprudens
406 1709 548 1749 vultus
581 1708 633 1748 ad
664 1713 738 1748 tua
769 1708 888 1748 labra
920 1708 1029 1748 tuli?

82 1765 341 1806 Praeteriine
373 1769 468 1806 tuas
501 1766 550 1806 de
583 1768 649 1806 tot
681 1765 936 1806 coelestibus
970 1780 1081 1819 aras,

12 1835 62 1860 180
141 1825 261 1877 Aque
293 1827 410 1864 tuast
440 1826 588 1864 nostra
620 1827 762 1876 spreta
792 1826 967 1877 parente
999 1824 1180 1876 parens?

81 1880 154 1921 Nil
187 1895 265 1936 ego
296 1881 486 1935 peccavi,
516 1881 600 1921 nisi
632 1880 745 1934 quod
775 1881 961 1934 periuria
991 1881 1077 1935 legi

139 1939 272 1993 Inque
304 1954 455 1993 parum
485 1938 627 1978 fausto
661 1939 844 1979 carmine
877 1939 1003 1979 docta
1035 1939 1107 1978 fui.

81 1997 143 2037 Tu
176 2011 342 2050 quoque
373 2011 451 2050 pro
482 1996 626 2050 nobis,
658 1996 694 2036 si
724 2010 810 2036 non
840 1996 1032 2036 mentiris
1066 2011 1271 2051 amorem,

138 2054 250 2095 Tura
281 2054 409 2095 feras:
441 2054 624 2108 prosint,
658 2068 763 2107 quae
794 2068 994 2107 nocuere,
1024 2056 1191 2095 manus!

10 2124 60 2149 185
80 2110 182 2165 Cur,
214 2126 319 2166 quae
352 2115 589 2165 succenset,
621 2111 734 2164 quod
766 2111 901 2152 adhuc
932 2111 1013 2152 tibi
1043 2116 1169 2166 pacta
1198 2113 1340 2166 puella

137 2169 237 2210 Non
267 2173 342 2210 tua
373 2170 447 2223 sit,
477 2169 570 2210 fieri
600 2184 652 2209 ne
685 2172 758 2209 tua
788 2169 944 2223 possit,
975 2169 1094 2224 agit?

80 2227 233 2268 Omnia
265 2228 314 2268 de
346 2228 441 2268 viva
472 2227 554 2268 tibi
586 2230 685 2267 sunt
718 2227 939 2281 speranda:
972 2228 1072 2281 quid
1104 2228 1242 2269 aufert

138 2284 271 2327 Saeva
301 2285 408 2326 milii
439 2285 589 2338 vitam,
621 2299 739 2338 spem
769 2285 850 2325 tibi
881 2285 978 2326 diva
1008 2285 1120 2326 mei?

77 2342 167 2385 Nec
198 2346 247 2384 tu
279 2342 503 2384 credideris
535 2342 676 2397 illum,
706 2343 773 2384 cui
807 2343 996 2384 destinor
1026 2358 1149 2398 uxor,
