1674 2662
633 161 676 205 Π,
702 174 776 204 xm,
804 172 963 204 21-xv‚
990 171 1034 195 20.

165 255 367 299 Colchida
398 270 637 310 respersam
668 270 897 310 puerorum
930 255 1135 311 sanguine
1169 255 1343 310 culpant

111 325 146 352 30
220 315 363 368 Atque
396 329 471 355 sua
505 329 674 355 caesum
707 318 841 355 matre
875 317 1109 367 queruntur
1141 313 1258 368 Ityn:

164 371 352 427 Utraque
385 387 508 414 saeva
540 387 708 426 parens:
743 373 814 413 scd
846 372 1042 413 tristibus
1075 375 1255 426 utraque
1289 372 1427 413 causis

221 431 391 472 Iactura
423 431 527 472 socii
560 431 778 485 sanguinis
812 431 902 472 ulta
933 431 1082 472 virum.
1136 446 1141 449 ·

164 489 322 544 Dicite,
354 489 447 544 quis
480 489 655 543 Tereus,
676 489 782 543 unis
815 503 889 529 vos
922 489 1071 530 inritet
1102 489 1199 530 Iaso

221 547 372 603 Figere
406 547 589 588 sollicita
623 562 799 601 corpora
832 551 973 588 vestra
1006 547 1163 588 manu‘.>

109 617 141 642 35
162 605 255 647 Hoc
286 620 422 659 neque
453 605 499 645 in
532 606 745 646 Armeniis
779 606 910 660 tigres
944 606 1080 647 fecere
1112 606 1308 660 latebris,

219 663 399 704 Perdere
431 678 507 704 nec
540 663 651 704 fetus
686 679 785 705 ausa
818 664 963 705 leaena
998 678 1115 718 suos3

160 721 222 763 At
253 725 420 763 tenerae
453 722 633 776 faciunt,
667 723 739 763 sed
770 737 857 762 non
886 722 1063 776 inprme,
1094 722 1277 776 puellae:

221 779 372 834 Saepe,
405 794 503 820 suos
536 783 656 820 utero
691 795 797 833 quae
829 784 971 833 necat,
1002 780 1095 835 ipsa
1126 781 1248 834 perit.

161 838 261 892 Ipsa
292 839 403 892 perit
435 838 654 891 ferturque
686 853 791 893 rogo
824 839 1011 879 resoluta
1046 839 1240 893 capillos,

107 908 142 932 40
219 896 277 937 Et
309 896 495 937 clamant
529 896 734 948 ‘merito’‚
767 897 838 950 qui
870 897 996 937 modo
1031 911 1208 950 cumque
1241 896 1395 937 vident.

161 954 250 995 Ista
284 955 355 995 sed
388 954 598 995 aetherias
631 958 861 995 vanescant
895 954 1007 995 dicta
1038 969 1113 1008 per
1147 969 1289 1009 auras,

219 1012 277 1053 Et
310 1013 395 1053 sint
429 1011 641 1053 ominibus
674 1013 863 1066 pondera
892 1012 1010 1053 nulla
1043 1013 1167 1067 meis3

160 1070 216 1111 Di
248 1070 413 1124 faciles,
443 1085 641 1124 peccasse
675 1071 804 1112 semel
837 1071 1054 1112 concedite
1088 1074 1199 1112 tuto:

218 1129 277 1170 Et
309 1129 412 1170 satis
446 1132 528 1183 est3
559 1143 741 1183 poenam
775 1130 898 1183 culpa
932 1130 1115 1170 secunda
1146 1129 1272 1170 ferat!

58 1248 124 1283 XV
160 1244 317 1298 Anule,
348 1244 560 1285 formosae
594 1245 777 1300 digitum
809 1245 1001 1286 vincture
1033 1245 1218 1299 puellae,

219 1303 271 1343 In
303 1316 386 1356 quo
420 1303 676 1344 censendum
707 1303 767 1343 nil
798 1303 882 1344 nisi
915 1303 1055 1344 dantis
1089 1317 1225 1356 amor,

161 1360 315 1401 Munus
349 1375 417 1401 eas
453 1364 640 1416 gratum3
673 1364 714 1402 te
745 1361 857 1402 laeta
889 1364 1030 1402 mente
1063 1365 1282 1415 receptum

218 1418 421 1459 Protinus
455 1419 645 1460 articulis
678 1419 827 1460 induat
858 1419 933 1460 illa
966 1419 1071 1473 suisg

125 1488 141 1514 5
160 1476 266 1518 Tam
298 1478 403 1518 bene
437 1478 681 1531 convenias,
714 1492 840 1531 quam
872 1492 1039 1518 mecum
1071 1477 1269 1518 convenit
1300 1477 1382 1532 illi,

219 1536 277 1576 Et
310 1535 493 1590 digitum
523 1536 638 1576 iusto
672 1536 917 1576 commodus
952 1536 1052 1576 orbe
1086 1537 1215 1576 teras!

160 1593 299 1647 Felix,
331 1609 354 1634 a
386 1594 558 1635 domina
589 1594 860 1648 tmetaberis,
892 1594 1035 1647 anule,
1066 1598 1230 1635 nostra:

218 1651 391 1693 Invideo
425 1652 546 1693 donjs
578 1653 664 1693 iam
696 1652 824 1693 miser
854 1652 945 1706 ipse
979 1652 1095 1693 meis.

161 1709 196 1751 Ο
229 1710 395 1751 utinam
425 1711 519 1751 fieri
552 1711 693 1751 subito
726 1725 819 1751 mea
852 1725 1025 1751 munera
1058 1724 1229 1764 possem

108 1780 142 1806 ιο
218 1768 397 1809 Artibus
430 1768 594 1809 Aeaeae
628 1768 900 1822 Carpathiive
934 1769 1063 1809 senis!

160 1825 279 1868 Tunc
312 1840 390 1881 ego
423 1829 464 1866 te
499 1827 684 1880 cupiam,
717 1827 904 1879 domina,
937 1830 978 1867 et
1010 1826 1205 1881 tetigisse
1237 1826 1418 1880 papillas

219 1885 278 1925 Et
308 1884 473 1925 laevam
504 1884 660 1925 tunicis
692 1885 922 1925 inseruisse
954 1899 1145 1925 manum:

160 1943 321 1984 Elabar
352 1943 488 1997 digito
522 1942 714 1995 quamvis
748 1946 955 1997 angustus
988 1946 1030 1983 et
1061 1942 1240 1983 haerens

219 2001 352 2054 Inque
385 2001 526 2041 sinum
558 2000 665 2041 mira
696 2000 816 2041 laxus
851 2001 902 2041 ab
937 2003 1027 2041 arte
1061 2000 1225 2054 cadam3

109 2071 142 2096 15
161 2059 280 2100 Idem
313 2073 411 2114 ego,
443 2062 491 2099 ut
523 2073 698 2099 arcanas
730 2058 892 2112 possim
925 2058 1094 2113 signare
1127 2058 1326 2113 tabellas,

219 2116 337 2158 Neve
369 2120 497 2157 tenax
529 2131 668 2158 ceram
699 2116 893 2170 siccaque
927 2130 1094 2171 gemma
1125 2115 1289 2170 trahat,

161 2175 318 2217 Umida
348 2174 561 2215 formosae
593 2178 770 2229 tangam
800 2174 918 2228 prius
952 2189 1026 2215 ora
1056 2174 1239 2229 puellae:

218 2233 405 2274 Tantum
435 2247 488 2273 ne
521 2233 685 2288 signem
718 2232 876 2287 scripta
908 2233 1087 2273 dolenda
1118 2232 1234 2273 mihi.

162 2290 228 2332 Sit
259 2292 399 2345 labor,
431 2294 477 2331 ut
512 2291 668 2332 condar
698 2291 866 2332 loculis:
902 2291 1013 2332 exire
1045 2291 1212 2346 negabo
1222 2325 1231 2345 >

107 2360 141 2385 20
218 2349 502 2404 Adstringens
536 2349 694 2404 digitos
728 2349 828 2390 orbe
861 2349 1024 2390 minore
1056 2352 1165 2390 tuos.
