1690 2656
210 142 267 183 40
766 141 1006 176 AMORUM

211 236 311 279 Non
344 251 424 291 ego
458 236 653 278 dedecori
687 236 767 277 tibi
801 236 900 291 sim⁷
931 251 1026 277 mea
1057 236 1164 291 vita,
1195 236 1387 291 futurus,

272 296 445 344 Quodve
478 299 598 336 tener
631 295 792 348 digitus
825 294 934 335 ferre
967 298 1152 348 recuset,
1185 309 1303 337 onus.

210 354 279 395 Me
314 368 411 409 gere
421 387 431 407 ⁷
463 368 559 394 cum
592 353 740 393 calidis
771 353 1037 407 perfunderis
1068 353 1278 395 imbribus
1312 358 1449 410 artus,

271 412 523 466 Damnaque
556 412 634 451 sub
669 425 838 466 gemma
871 411 932 452 fer
963 412 1180 466 pereuntis
1214 427 1366 468 aquae3

159 483 191 507 :251
215 469 314 524 Sed,
344 473 469 524 puto,
501 473 542 510 te
574 470 688 510 nuda
720 484 814 510 mea
845 470 1037 511 membra
1068 470 1243 511 libidine
1278 474 1472 527 surgent,

270 529 328 569 Et
359 542 565 582 paragam
596 531 740 582 partes
775 529 926 570 anulus
958 528 1030 569 ille
1062 528 1153 569 viri.

211 587 348 627 Inrita
380 587 481 639 quid
513 586 676 627 voveo?
708 601 888 640 parvum
919 587 1188 641 proficiscere
1220 602 1390 628 mimus:

270 645 349 685 llla
381 645 525 686 datam
556 648 698 686 tecum
730 645 888 686 sentiat
920 660 1010 686 esse
1042 646 1185 687 fidem!

93 766 185 800 XVI.
213 761 318 802 Pars
352 775 418 801 me
452 759 599 802 Sulmo
632 764 750 802 tenet
781 761 976 817 Paeligni
1009 761 1137 803 tertia
1167 762 1298 817 ruris,

268 819 424 873 Parva,
457 820 529 860 sed
560 819 741 874 inriguis
777 834 850 861 ora
883 820 1066 861 salubris
1100 820 1239 875 aquis,

212 877 284 919 Sol
316 878 417 918 licet
451 878 622 918 admoto
655 878 851 919 tellurem
885 878 1019 919 sidere
1051 879 1204 933 findat,

268 936 326 976 Et
359 936 487 977 micet
518 936 644 977 Icarii
678 936 802 977 stella
832 939 1032 991 proterva
1065 937 1198 978 canis:

176 1008 191 1032 5
212 995 328 1035 Arva
359 997 634 1048 pererrantur
664 994 871 1049 Paeligna
902 995 1165 1048 liquentibus
1199 995 1334 1036 undis.

270 1053 328 1093 Et
359 1052 469 1093 viret
500 1053 546 1093 in
577 1055 724 1093 tenero
757 1053 912 1094 fertilis
944 1053 1077 1094 herba
1109 1054 1212 1094 solo.

211 1111 341 1152 Terra
372 1111 490 1152 ferax
524 1109 688 1152 Cereris
722 1111 941 1164 multoque
974 1111 1156 1152 feracior
1186 1112 1299 1166 uvis,

270 1169 357 1210 Dat
390 1183 558 1223 quoque
590 1169 823 1210 baciferam
856 1169 1032 1210 Pallada
1063 1185 1183 1211 rarus
1218 1184 1337 1225 ager,

210 1227 375 1281 Perque
408 1230 680 1282 resurgentes
713 1228 814 1269 rivis
847 1228 1091 1269 labentibus
1124 1228 1278 1269 herbas

159 1299 191 1323 10
272 1285 524 1327 Gramineus
558 1286 771 1327 madidam
805 1300 975 1340 caespes
1010 1287 1240 1327 obumbrat
1270 1286 1462 1328 humum.

210 1345 270 1385 At
302 1359 421 1385 meus
452 1344 566 1399 ignis
600 1345 739 1385 abest:
772 1345 901 1385 verbo
934 1345 1202 1399 peccavimus
1235 1346 1336 1386 uno!

270 1401 386 1450 Quae
419 1405 562 1443 movet
595 1403 785 1457 ardores,
818 1406 882 1444 est
913 1403 1080 1457 procul;
1114 1404 1238 1444 ardor
1271 1404 1401 1444 adest.

210 1459 310 1501 Non
342 1475 440 1515 ego,
473 1461 509 1502 si
540 1461 705 1501 medius
737 1461 911 1502 Polluce
945 1464 986 1502 et
1020 1460 1195 1502 Castore
1226 1476 1380 1517 ponar,

269 1519 318 1559 ln
351 1519 457 1560 caeli
490 1519 579 1560 sine
612 1522 653 1560 te
686 1523 806 1574 parte
838 1520 969 1560 fuisse
1002 1520 1140 1560 velim.

158 1590 190 1615 15
213 1575 396 1618 Solliciti
427 1577 595 1618 iaceant
627 1580 824 1631 terraque
855 1582 1105 1632 premantur
1136 1578 1301 1634 iniqua,

268 1635 319 1675 In
350 1636 501 1690 longas
536 1637 683 1677 orbem
716 1636 788 1690 qui
821 1651 990 1677 secuere
1022 1636 1131 1691 vias3

210 1694 300 1735 Aut
331 1694 533 1735 iuvenum
566 1694 743 1735 comites
775 1694 1001 1735 iussissent
1033 1695 1093 1735 ire
1125 1695 1307 1750 puellas,

271 1750 315 1792 Si
347 1752 429 1793 fuit
460 1752 506 1792 in
537 1752 689 1807 longas
721 1755 835 1794 terra
868 1753 1048 1794 secanda
1079 1753 1187 1794 vias!

210 1810 319 1851 Tum
352 1810 477 1864 mihi,
510 1810 545 1851 si
577 1825 813 1864 premerem
845 1814 1045 1852 ventosas
1077 1811 1275 1852 horridus
1307 1812 1458 1867 Alpes,

157 1881 190 1905 20
268 1869 512 1910 Dummodo
547 1883 642 1910 cum
675 1869 865 1923 domina,
896 1870 1023 1910 molle
1056 1869 1208 1911 fuisset
1239 1870 1342 1926 iter3

211 1926 318 1968 Cum
352 1927 523 1968 domina
554 1927 738 1981 Libycas
771 1928 909 1969 ausim
940 1943 1212 1983 perrumpere
1248 1927 1394 1982 Syrtes

273 1985 331 2025 Et
363 1986 461 2026 dare
493 2000 581 2026 non
613 1986 759 2039 aequis
792 1987 885 2027 vela
917 1986 1089 2027 ferenda
1121 1986 1268 2041 Notis3

158 2066 190 2092 25
211 2042 311 2084 Non
345 2058 450 2096 quae
485 2044 715 2085 submersis
748 2044 913 2086 ratibus
947 2048 1140 2086 saturata
1173 2044 1410 2100 Charybdis

270 2101 429 2142 Fundit
461 2104 502 2142 et
535 2103 689 2143 effusas
723 2117 794 2144 ore
825 2106 1017 2157 receptat
1049 2118 1199 2158 aquas,

157 2172 190 2197 23
210 2159 310 2200 Non
342 2174 448 2213 quae
480 2159 672 2214 virgineo
704 2164 905 2214 portenta
938 2162 1015 2202 sub
1048 2161 1223 2217 inguine
1254 2161 1432 2217 latrant,

269 2216 359 2259 Nec
392 2217 567 2258 timeam
599 2222 782 2273 vestros,
815 2234 943 2261 curva
974 2219 1131 2274 Malea,
1163 2220 1292 2261 sinus.

212 2275 333 2324 Quod
367 2276 401 2316 si
433 2275 624 2329 Neptuni
656 2280 833 2318 ventosa
865 2279 1060 2332 potentia
1091 2278 1242 2333 vincit,

269 2334 327 2375 Et
360 2334 643 2375 subventuros
677 2335 841 2376 auferet
872 2336 984 2376 unda
1017 2337 1135 2390 deos,
