1690 2656
274 150 359 191 260
689 147 943 182 REMEDIA
967 147 1188 182 AMoais.

274 244 411 293 Quam
441 247 671 298 postquam
704 243 821 284 reddi
854 241 1032 284 Calchas
1066 257 1144 296 ope
1176 245 1296 283 tutus
1328 241 1508 283 Achillis

331 303 540 355 Iusserat,
571 305 613 342 et
645 301 828 356 patriast
858 301 933 342 illa
964 304 1134 354 recepta
1165 301 1308 355 domo,

201 372 254 397 475
275 360 386 401 ‘Est’
419 360 479 401 ait
510 360 683 401 Atrides
717 359 847 400 ‘illius
878 359 1073 413 proxima
1104 359 1259 412 forma,

331 419 407 473 Et,
438 418 474 459 si
505 418 644 472 prima
676 418 788 459 sinat
822 417 1003 472 syllaba,
1033 431 1189 457 nomen
1219 417 1348 457 idem:

273 476 395 518 Hanc
427 476 532 517 mihi
543 510 553 530 ⁷
585 476 621 517 si
654 476 812 530 sapiat,
842 490 918 530 per
949 490 993 516 se
1026 475 1230 516 concedat
1263 473 1469 528 Achilles3

334 534 379 575 Si
411 534 570 589 minus,
600 534 828 588 imperium
861 533 1017 574 sentiat
1048 534 1119 573 ille
1152 533 1309 574 meum!

274 593 396 641 Quod
428 593 562 646 siquis
594 595 784 634 vestrum
814 592 977 633 factum
1008 591 1090 632 hoc
1122 594 1312 645 accusat,
1343 589 1514 643 Achivi‚

203 663 255 687 480
333 651 415 692 Est
448 651 608 704 aliquid
639 650 779 692 valida
811 653 979 704 sceptra
1009 653 1152 690 tenere
1184 664 1330 690 manu:

273 709 387 750 Nam
419 709 455 750 si
487 724 561 750 rex
592 723 672 763 ego
705 724 816 762 sum,
847 723 925 749 nee
956 723 1122 749 mecum
1154 707 1338 748 dormiat
1369 706 1474 761 ulla,

332 767 384 808 In
414 782 510 808 mea
540 767 757 808 Thersites
791 781 922 822 regna
953 766 1099 807 licebit
1131 765 1225 806 eat?

273 825 394 866 Dixit
426 828 468 866 et
498 825 608 867 hanc
639 825 791 866 habuit
824 824 982 865 solacia
1014 838 1169 878 magna
1199 823 1374 877 prioris,

332 884 391 924 Et
421 884 606 938 positast
639 898 741 924 cura
772 898 874 924 cura
904 883 1076 937 repulsa
1105 896 1227 922 nova.

203 953 253 978 485
274 942 391 997 Ergo
425 942 598 983 adsume
630 956 762 982 novas
796 944 968 982 auctore
1000 940 1322 995 Agamemnone
1354 939 1566 993 flammas,

332 999 393 1041 Ut
424 1003 523 1040 tuus
555 1000 601 1040 in
632 1000 746 1040 bivio
780 999 1035 1039 distineatur
1068 999 1202 1038 amor!

274 1058 470 1113 Quaeris,
501 1058 575 1098 ubi
605 1057 814 1098 invenias:
847 1060 978 1110 artes,
1008 1056 1041 1110 i,
1084 1056 1241 1109 Jerlege
1273 1057 1460 1096 nostras:

332 1116 464 1157 Plena
495 1116 733 1170 puellarum
763 1115 850 1156 iam
881 1114 962 1155 tibi
993 1115 1114 1155 navis
1147 1114 1239 1154 erit.

275 1174 397 1223 Quod
429 1174 569 1227 siquid
599 1176 826 1228 praecepta
856 1173 999 1213 valent
1031 1186 1144 1226 mea,
1176 1171 1315 1226 siquid
1346 1170 1502 1225 Apollo

203 1245 255 1269 400
333 1231 450 1272 Utile
483 1232 685 1272 mortales
716 1231 917 1285 perdocet
950 1244 1021 1271 ore
1053 1244 1166 1283 meo,

275 1290 477 1339 Quamvis
508 1290 657 1331 infelix
689 1289 829 1330 media
859 1288 1090 1329 torreberis
1123 1287 1280 1343 Aetna,

333 1348 549 1403 Frigidior
583 1347 716 1402 glacie
748 1348 815 1388 fac
846 1347 1014 1388 videare
1046 1350 1162 1401 tuae3

274 1407 333 1448 Et
365 1421 515 1448 sanum
548 1406 719 1460 simula,
748 1420 818 1459 ne,
850 1405 990 1458 siquid
1021 1404 1132 1445 forte
1165 1404 1346 1458 dolebis,

335 1464 520 1519 Sentiat,
552 1468 595 1505 et
625 1464 732 1518 ride,
764 1479 860 1505 cum
891 1463 971 1504 tibi
1003 1463 1165 1503 flendus
1198 1462 1293 1503 eris.

204 1536 256 1560 495
275 1522 376 1564 Non
408 1537 487 1578 ego
520 1525 563 1563 te
593 1522 721 1563 iubeo
753 1522 914 1562 medias
948 1521 1197 1574 abrumpere
1230 1534 1370 1561 curas:

334 1580 435 1622 Non
466 1583 565 1622 sunt
596 1580 765 1635 imperii
796 1583 885 1620 tam
917 1579 1007 1620 fera
1036 1579 1154 1619 iussa
1185 1578 1278 1619 mei.

275 1639 399 1688 Quod
429 1653 516 1680 non
548 1642 629 1693 est,
662 1638 814 1679 simula
845 1637 1093 1692 positosque
1124 1636 1293 1677 imitare
1325 1635 1508 1677 furores:

336 1697 406 1739 Sic
436 1697 567 1738 facies
600 1711 715 1750 vere,
747 1697 859 1749 quod
890 1696 1121 1736 meditatus
1154 1695 1248 1735 eris.

277 1755 411 1810 Saepe
444 1769 543 1810 ege,
573 1769 625 1796 ne
657 1754 867 1807 biberem,
897 1754 1013 1794 volui
1046 1753 1229 1793 dormire
1261 1752 1409 1793 videri:

205 1827 256 1852 500
334 1814 448 1855 Dum
480 1813 642 1866 Videor,
675 1827 823 1853 somno
855 1812 1018 1852 lumina
1048 1811 1161 1852 victa
1193 1811 1297 1851 dedi.

275 1872 515 1926 Deceptum
546 1871 640 1926 risi7
671 1871 743 1924 qui
777 1885 820 1911 se
853 1870 1083 1911 simulabat
1115 1883 1256 1910 amare

333 1930 386 1970 In
415 1930 590 1984 laqueos
623 1944 774 1982 auceps
809 1928 1103 1981 decideratque
1136 1941 1247 1968 suos.

275 1988 415 2028 Intrat
448 2002 568 2028 amor
599 1990 762 2028 mentes
794 2002 891 2041 usu,
923 1985 1153 2027 dediscitur
1183 2000 1280 2026 usu:

336 2045 417 2093 Qui
448 2046 608 2100 poterit
640 2060 790 2086 sanum
820 2046 980 2099 fingere
989 2078 999 2098 ,
1031 2058 1159 2085 sanus
1192 2043 1283 2083 erit.

206 2116 256 2141 503
276 2104 463 2158 Dixerit,
494 2108 542 2144 ut
573 2104 735 2144 venias:
767 2106 893 2157 pacta
924 2102 1005 2143 tibi
1035 2104 1160 2143 nocte
1192 2100 1354 2155 vem'to3

334 2161 532 2215 Veneris,
564 2165 606 2202 et
636 2162 766 2202 fuerit
795 2161 923 2202 ianua
955 2161 1115 2201 clausa:
1147 2159 1274 2213 feres3

277 2219 368 2261 Nec
400 2220 466 2260 dic
497 2220 727 2260 blanditias
760 2234 836 2260 nec
868 2219 935 2259 fac
968 2218 1158 2259 convicia
1188 2216 1303 2271 posti

335 2277 425 2318 Nec
457 2278 569 2317 latus
601 2278 646 2317 in
678 2278 782 2318 duro
814 2277 959 2317 limine
991 2290 1100 2330 pone
1132 2279 1270 2329 tuum3

277 2336 455 2377 Postera
486 2335 559 2375 lux
591 2335 742 2376 aderit:
776 2338 946 2376 careant
978 2338 1052 2375 tua
1083 2334 1212 2374 verba
1244 2331 1444 2385 querelis,
