1690 2656
237 173 294 214 90
742 168 1039 205 Ennomus

297 268 511 321 Possidet,
544 282 613 320 en,
646 266 779 306 saltus
814 264 942 306 Graia
972 264 1151 305 iuvenca
1182 266 1316 306 meos!

171 339 219 363 1²25
241 325 306 368 Sit
337 326 444 367 facie
478 324 670 379 quamvis
702 323 903 378 insignis,
935 322 1128 363 adultera
1160 326 1331 364 certest:

299 384 498 426 Deseruit
530 382 668 423 socios
700 382 869 436 hospite
903 384 1027 435 capta
1059 381 1170 422 deos.

240 443 364 484 Illam
397 443 446 483 de
478 440 617 495 patria
649 440 854 494 Theseus,
886 439 984 491 (nisi
1016 439 1188 480 nomine
1219 439 1362 480 fallor:

300 500 456 541 Nescio
490 499 583 553 quis
615 497 822 554 Theseus)
855 498 1035 539 abstulit
1067 501 1165 539 ante
1199 512 1291 538 sua:

242 560 280 600 A
312 559 462 599 iuvene
496 560 538 598 et
571 557 723 611 cupido
757 557 953 598 credatur
984 556 1148 597 reddita
1179 556 1330 611 virgo?

172 630 222 654 130
298 616 420 658 Unde
453 616 533 657 hoc
567 615 830 669 conpererim
862 618 951 656 tam
982 615 1108 668 bene,
1141 614 1338 667 quaeris?
1372 628 1480 655 amo.

242 675 342 717 Vim
372 675 474 716 licet
506 674 692 728 appelles
725 677 767 714 et
800 674 968 727 culpam
999 673 1172 714 nomine
1204 673 1334 713 veles:

302 733 417 782 Quae
450 733 608 774 totiens
641 735 820 787 raptast,
850 731 1048 786 praebuit
1079 731 1174 785 ipsa
1205 731 1314 786 rapi3

242 793 301 833 At
333 794 477 833 manet
510 790 683 832 Oenone
715 790 882 831 fallenti
914 793 1032 831 casta
1062 789 1236 830 marito:

302 851 359 891 Et
390 853 562 904 poteras
594 849 686 890 falli
717 849 884 903 legibus
916 849 1007 902 ipse
1039 848 1141 888 tuis!

174 921 222 945 135
242 909 310 949 Me
344 907 487 963 Satyri
520 908 675 949 celeres
708 907 845 950 (silvis
879 921 958 961 ego
990 910 1104 947 tecta
1136 905 1340 960 latebam)

303 967 585 1015 Quaesierunt
617 966 783 1020 mpido,
814 966 941 1006 turba
972 968 1189 1018 proterva,
1219 965 1324 1018 pede

245 1024 609 1090 Cornigerumque
642 1027 770 1089 caput
800 1023 903 1078 pinu
935 1022 1202 1077 praecinctus
1237 1025 1362 1063 acuta

302 1084 476 1124 Faunus
508 1083 553 1123 in
584 1082 808 1135 111111011313,
840 1097 922 1135 qua
953 1084 1090 1122 tumet
1122 1080 1215 1134 Ida,
1246 1080 1371 1135 iugis.

245 1142 313 1183 Me
346 1142 426 1183 fide
459 1141 712 1195 conspicuus
745 1140 896 1181 Troiae
928 1139 1119 1180 munitor
1151 1115 1326 1179 aniavit:

177 1212 227 1236 140
304 1200 381 1241 Ille
414 1214 532 1240 meae
565 1199 750 1253 spolium
781 1198 1043 1253 virginitatis
1075 1197 1225 1250 habet,

246 1259 294 1300 Id
328 1272 494 1312 quoque
526 1258 746 1311 luctandog
777 1257 873 1310 rupi
905 1259 1049 1296 tamen
1080 1270 1223 1310 ungue
1255 1255 1451 1310 capillos,

305 1316 472 1370 Oraque
506 1318 605 1356 sunt
631 1315 778 1370 digitis
813 1329 961 1368 aspera
992 1314 1108 1355 facta
1140 1314 1264 1369 meis;

245 1375 335 1416 Nec
367 1374 553 1429 pretium
587 1374 725 1427 stupri
759 1387 948 1428 gemmas
982 1386 1215 1425 aurumque
1248 1371 1441 1426 poposci:

305 1433 505 1486 Turpiter
535 1432 771 1487 ingenuum
802 1446 977 1472 munera
1010 1445 1162 1484 corpus
1195 1433 1358 1484 emunt3

177 1503 228 1528 115
247 1492 363 1546 Ipse,
394 1494 514 1532 ratus
547 1491 740 1545 dignam,
771 1489 955 1530 medicas
988 1489 1094 1529 mihi
1125 1489 1301 1529 tradidit
1333 1491 1444 1529 artes

305 1549 577 1604 Admisitque
609 1563 724 1590 meas
757 1548 809 1589 ad
841 1562 917 1589 sua
949 1548 1060 1588 dona
1090 1561 1258 1588 manus:

249 1608 546 1661 Quaecumque
577 1607 710 1648 herba
739 1609 892 1661 potens
925 1606 977 1646 ad
1003 1619 1127 1659 opem
1152 1605 1355 1658 radixque
1382 1605 1586 1646 medendo

305 1666 436 1707 Utilis
468 1665 513 1706 in
545 1668 638 1706 toto
670 1665 861 1706 nascitur
895 1665 1013 1718 orbe,
1045 1667 1192 1704 meast.

248 1725 317 1766 Me
356 1724 574 1777 miseram,
612 1724 724 1777 quod
763 1737 882 1763 amor
915 1736 1003 1763 non
1034 1725 1099 1763 est
1131 1721 1393 1763 medicabilis
1426 1721 1586 1762 herbis!

179 1794 231 1819 150
308 1782 496 1824 Deficior
526 1782 710 1836 prudens
744 1781 846 1822 artis
881 1782 931 1822 ab
966 1784 1055 1822 arte
1088 1795 1192 1821 mea.

250 1841 345 1895 Ipse
377 1843 570 1895 repertor
603 1840 694 1894 opis
727 1854 876 1881 vaccas
907 1839 1075 1893 pavisse
1107 1838 1319 1879 Pheraeas

309 1899 463 1940 Fertur
495 1902 538 1939 et
571 1913 592 1939 e
623 1901 772 1939 nostro
806 1899 974 1938 saucius
1005 1897 1105 1952 igne
1136 1897 1231 1938 fuit.

252 1957 373 2005 Quod
403 1972 480 1998 nec
514 1956 778 2011 graminibus
810 1956 937 1997 tellus
968 1956 1148 1997 fecunda
1180 1955 1370 1996 creandis

310 2015 399 2056 Nec
432 2016 533 2056 deus
542 2049 552 2069 ,
585 2015 790 2056 auxilium
821 2018 868 2055 tu
900 2014 1005 2055 mihi
1036 2014 1146 2055 ferre
1177 2016 1318 2067 potes3

182 2084 232 2109 155
252 2073 309 2113 Et
341 2076 463 2126 potes
473 2107 483 2127 ,
515 2076 557 2114 et
588 2073 739 2114 merui:
773 2072 925 2127 dignae
957 2072 1157 2113 miserere
1188 2071 1370 2126 puellae!

312 2130 411 2171 Non
444 2144 522 2185 ego
557 2146 652 2172 cum
684 2131 845 2172 Danais
878 2146 996 2172 arma
1027 2133 1203 2172 cruenta
1234 2129 1343 2184 fero3

254 2188 335 2230 Sed
368 2192 441 2229 tua
475 2202 567 2229 sum
600 2192 825 2243 tecumque
857 2189 918 2230 fui
950 2189 1185 2242 puerilibus
1218 2188 1338 2229 annis

312 2247 369 2287 Et
401 2250 493 2300 tua,
527 2248 639 2299 quod
671 2250 866 2301 superest
897 2247 1122 2301 temporis,
1154 2261 1245 2288 esse
1277 2260 1438 2300 precor.
