1674 2662
283 144 308 179 Ι.
335 143 586 178 PENELOPE
612 154 757 179 62—116.
807 144 850 179 II.
877 143 1077 177 PHYLLIS
1104 154 1211 178 1—17.
1403 142 1455 182 73

66 251 98 276 ⁹⁷
119 239 221 280 Tres
254 253 400 279 sumus
431 238 609 279 inbelles
640 253 830 292 numero,
863 239 950 279 sine
982 238 1143 279 viribus
1175 251 1282 278 uxor

175 296 434 350 Laertesque
467 311 594 337 senex
625 296 986 351 Telemachusque
1016 311 1133 350 puer.

46 366 96 392 107
117 354 370 396 Telemacho
402 355 562 408 veniet,
593 355 710 396 vivat
741 355 886 407 modo,
918 354 1072 395 fortior
1104 357 1240 395 aetas:

175 412 301 454 Nunc
334 416 425 453 erat
457 413 625 453 auxiliis
657 413 732 454 illa
763 413 918 453 tuenda
949 412 1101 466 patris,

66 483 98 507 99
119 471 196 512 Ille
227 485 302 525 per
332 471 509 511 insidias
541 474 718 524 paenest
749 471 854 511 mihi
886 485 1021 524 nuper
1053 471 1291 524 ademptus,

176 529 290 570 Dum
322 532 446 582 parat
476 529 622 569 invitis
656 529 852 569 omnibus
884 529 944 569 ire
976 528 1129 583 Pylon3

118 587 192 641 Di,
222 601 389 641 precor,
419 587 500 627 hoc
532 587 725 640 iubeant,
756 590 804 627 ut
836 587 1034 627 euntibus
1068 587 1212 627 ordine
1246 586 1344 626 fatis

177 645 255 685 Ille
287 659 404 686 meos
439 645 583 685 oculos
617 645 872 699 conprimat,
904 645 975 685 ille
1007 648 1116 685 tuos.

50 715 99 740 105
121 702 202 744 Sed
234 717 369 756 neque
400 702 593 755 Laertes,
625 706 672 743 ut
705 703 776 757 qui
810 703 865 743 sit
897 702 1062 743 inutilis
1095 702 1242 756 armis,

176 761 387 802 Hostibus
419 761 465 801 in
495 761 644 802 mediis
676 775 809 816 regna
840 764 983 801 tenere
1015 764 1178 814 potest,

50 831 100 856 109
120 818 209 860 Nec
243 819 348 860 mihi
382 822 481 859 sunt
512 819 621 859 vires
654 819 849 860 im’micos
882 819 1037 872 pellere
1069 819 1212 859 tectis:

180 877 244 917 Tu
277 877 403 918 citius
436 877 580 918 venias
590 911 600 931 ,
630 881 779 930 portus
813 881 855 917 et
887 891 960 917 ara
992 877 1096 917 tuis!

119 935 200 976 Est
231 935 311 976 tibi
345 935 501 989 sitque,
531 949 701 988 precor,
731 938 876 988 natus,
909 934 981 988 qui
1012 934 1213 974 mollibus
1247 934 1367 974 annis

178 993 230 1033 In
259 993 420 1047 patrias
454 996 567 1033 artes
600 993 853 1033 erudiendus
887 995 995 1046 erat,

119 1051 299 1105 Respice
331 1050 530 1091 Laerten:
563 1054 611 1091 ut
641 1051 727 1091 iam
760 1066 835 1092 sua
867 1050 1028 1091 lumina
1060 1049 1234 1103 condas,

179 1109 431 1150 Extremum
461 1109 541 1149 fati
574 1109 757 1149 sustinet
787 1109 859 1149 ille
892 1109 1020 1161 diem3

51 1180 102 1204 115
123 1166 247 1208 Certe
281 1181 378 1222 ego,
410 1182 517 1220 quae
548 1167 712 1208 fueram
744 1170 785 1208 te
819 1167 1058 1207 discedente
1090 1165 1250 1219 puella,

180 1225 382 1266 Protinus
414 1228 463 1265 ut
494 1225 657 1278 venias,
687 1225 802 1265 facta
832 1225 1007 1265 videbor
1040 1238 1155 1264 anus.

497 1338 697 1384 PHYLLIS
722 1337 1084 1372 DEMOPHOONTI.

52 1404 95 1438 Π.
121 1398 325 1452 Hospita,
356 1397 657 1452 Demophoon,
689 1401 763 1438 tua
794 1400 835 1437 te
867 1396 1119 1451 Rhodopeia
1149 1396 1313 1450 Phylh's

182 1456 307 1497 Ultra
337 1456 596 1510 promissum
628 1459 796 1509 tempus
829 1455 976 1496 abesse
1010 1469 1172 1508 queror.

125 1513 294 1556 Cornua
326 1529 423 1555 cum
453 1514 578 1554 lunae
609 1513 735 1568 pleno
769 1513 898 1554 semel
931 1513 1031 1553 orbe
1065 1512 1268 1566 coissent,

181 1572 402 1613 Litoribus
432 1572 592 1612 nostris
626 1586 781 1612 ancora
810 1575 937 1625 pacta
967 1574 1126 1612 tuaest:

89 1642 104 1667 5
124 1631 245 1671 Luna
278 1633 428 1684 quater
457 1630 604 1683 latuit,
635 1633 728 1670 toto
762 1632 912 1682 quater
945 1629 1044 1669 orbe
1077 1629 1273 1682 recrevit,

182 1687 272 1729 Nec
304 1688 421 1729 vehit
452 1688 635 1729 Actaeas
670 1686 860 1728 Sithonis
894 1687 1005 1727 unda
1037 1690 1161 1727 rates.

125 1746 335 1800 Tempora
366 1746 402 1786 si
432 1760 648 1799 numeres,
681 1760 786 1799 quae
818 1760 895 1786 nos
927 1759 1199 1785 numeramus
1234 1748 1444 1800 amantes,

183 1804 284 1845 Non
315 1804 430 1845 venit
462 1807 560 1844 ante
594 1819 714 1844 suam
744 1807 893 1844 nostra
925 1803 1096 1857 querela
1128 1803 1256 1856 diem,

127 1861 231 1917 Spes
264 1877 432 1916 quoque
462 1862 578 1902 lenta
609 1861 708 1903 fuit:
740 1862 878 1915 tarde,
910 1876 1016 1915 quae
1049 1861 1207 1901 credita
1239 1860 1431 1915 laedunt,

74 1932 106 1957 10
186 1919 424 1961 Credimus!
456 1920 616 1960 invitus
649 1933 761 1960 nunc
793 1923 835 1960 et
867 1933 1009 1959 amore
1041 1932 1181 1959 noces.

128 1977 260 2033 Saepe
291 1978 354 2019 fui
385 1978 565 2019 mendax
596 1991 673 2031 pro
705 1981 747 2018 te
780 1977 903 2029 mihi,
935 1991 1059 2030 saepe
1090 1977 1237 2017 notavi

184 2036 295 2077 Alba
326 2036 585 2090 procellosos
617 2035 710 2076 vela
741 2035 895 2075 referre
927 2034 1084 2087 Notos3

126 2094 290 2135 Thesea
321 2094 487 2148 devovi,
519 2094 618 2147 quia
650 2096 691 2134 te
724 2093 937 2133 dimittere
969 2092 1120 2133 nollet:

184 2151 274 2193 Nec
306 2152 445 2192 tenuit
477 2166 624 2193 cursus
656 2151 838 2191 forsitan
868 2151 940 2191 ille
973 2153 1089 2205 tuos,

75 2221 107 2246 15
127 2210 346 2251 Interdum
378 2210 521 2264 timui,
550 2224 622 2263 ne,
654 2209 753 2250 dum
784 2209 891 2250 vada
921 2208 1060 2249 tendis
1092 2208 1145 2249 ad
1174 2208 1329 2264 Hebri,

185 2268 325 2309 Mersa
356 2267 467 2309 foret
499 2282 604 2308 cana
634 2267 842 2322 naufraga
873 2267 1027 2321 puppis
1061 2281 1187 2320 aqua-3

129 2325 261 2380 Saepe
293 2327 394 2367 deos
427 2326 623 2380 supplex,
653 2329 701 2366 ut
732 2328 797 2380 tu,
829 2325 1050 2380 scelerate,
1080 2325 1260 2379 valeres,
