1674 2662
142 132 218 166 XV.
239 131 367 178 [XVI]
388 131 525 166 PARIS
545 141 705 167 338—378.
744 131 837 165 XVI.
861 130 1001 176 [XVH.]
1021 129 1214 164 HELENE
1237 140 1343 165 1—29.
1396 130 1474 170 141

141 226 206 267 Tu
237 240 422 280 quoque,
455 226 490 267 si
522 227 571 266 de
603 229 646 267 te
677 229 794 267 totus
828 225 1093 267 contenderit
1125 224 1258 278 orbis,
1427 236 1478 260 315

200 283 370 325 Nomen
402 285 454 325 ab
488 288 659 325 aeterna
689 283 941 338 posteritate
973 283 1099 324 feres:

71 354 122 379 375
143 340 224 396 Spe
257 343 382 383 modo
414 356 500 383 non
531 342 681 383 timida
713 342 776 383 dis
808 341 906 383 hine
939 355 1109 396 egressa
1141 340 1335 382 secundis

200 400 336 455 Exige
370 415 466 442 cum
496 400 622 454 plena
653 415 828 441 munera
858 403 984 454 pacta
1015 400 1111 440 fide!

616 513 809 549 HELENE
836 513 1009 549 PARIDI.

34 571 206 625 VI.*[Si
239 574 362 628 mihi,
394 589 499 628 quae
531 575 635 629 legi,
664 574 782 628 Pari,
813 589 899 615 non
929 574 1085 629 legisse
1116 574 1279 628 liceret,

203 631 422 673 Servarem
453 647 652 673 numeros
685 633 795 674 sicut
827 637 869 673 et
901 636 998 673 ante
1030 633 1255 686 probae.]*

141 689 265 731 Nunc
300 691 445 731 oculos
477 694 551 731 tua
583 706 679 732 eum
710 691 881 731 violarit-
913 691 1097 744 epistula
1127 694 1316 744 nostros,

200 747 300 789 Non
330 749 589 790 rescribendi
622 749 758 803 gloria
789 749 879 790 visa
910 749 1026 789 levis.

141 806 284 846 Ausus
316 821 358 847 es
391 807 567 860 hospitii
599 807 836 860 temeratis,
868 807 1045 860 advena,
1078 807 1208 847 saeris

199 863 457 918 Legitimam
488 868 646 918 nuptae
679 865 908 906 sollicitare
940 865 1084 905 fidem!

105 934 120 959 5
143 920 313 962 Scilicet
343 922 502 963 idcirco
534 926 710 963 ventosa
740 938 815 976 per
847 937 1032 976 aequora
1063 926 1231 963 vectum

198 980 379 1033 Excepit
409 984 537 1034 portu
569 980 771 1021 Taenaris
805 995 878 1022 ora
911 995 1006 1035 suo,

139 1037 229 1079 Nee
261 1038 359 1091 tibi,
391 1038 556 1079 diversa
587 1039 779 1092 quamvis
812 1054 833 1079 e
866 1042 992 1093 gente
1025 1038 1208 1092 venires,

199 1096 428 1150 Oppositas
460 1096 611 1138 habuit
642 1097 761 1151 regia
790 1101 939 1138 nostra
970 1097 1101 1151 fores,

140 1154 267 1194 Esset
299 1157 347 1194 ut
379 1154 508 1196 officii
540 1169 700 1196 merces
732 1155 889 1196 iniuria
919 1155 1059 1196 tanti‘.>

89 1224 121 1248 10
200 1212 280 1259 Qui
313 1212 372 1253 sic
403 1212 613 1265 intrabas,
643 1213 799 1267 hospes
832 1228 885 1254 an
915 1213 1053 1253 hostis
1086 1214 1208 1254 eras?

140 1269 229 1310 Nec
263 1270 429 1323 dubito,
461 1270 562 1323 quin
593 1271 715 1324 haec,
747 1286 842 1312 cum
875 1271 932 1311 sit
963 1275 1052 1311 tam
1083 1271 1213 1326 iusta,
1245 1276 1419 1313 vocetur

198 1328 376 1369 Rustica
408 1328 564 1369 iudicio
596 1332 744 1369 nost-ra
777 1329 947 1382 querela
978 1333 1070 1382 tuo3

140 1385 317 1427 Rustica
350 1386 430 1426 sim
463 1401 581 1440 sane,
613 1387 712 1427 dum
742 1401 829 1427 non
862 1387 995 1427 oblita
1026 1387 1219 1442 pudoris,

199 1444 396 1498 Dumque
428 1449 551 1485 tenor
582 1445 694 1485 Vitae
729 1445 783 1486 sit
816 1445 904 1486 sine
937 1445 1032 1486 labe
1064 1447 1197 1486 meae!

90 1514 120 1538 15
143 1500 186 1542 Si
218 1516 305 1542 non
337 1506 400 1543 est
431 1503 532 1543 ficto
564 1503 702 1544 tristis
734 1503 839 1544 mihi
870 1503 1013 1544 vultus
1045 1503 1090 1543 in
1122 1518 1211 1558 ore,

199 1559 289 1601 Nec
322 1561 449 1601 sedeo'
478 1561 592 1601 duris
625 1565 747 1602 torva
780 1562 1036 1615 superciliis,

141 1618 274 1659 Fama
306 1622 449 1660 tamen
481 1619 655 1674 clarast‚
687 1623 729 1660 et
763 1619 897 1661 adhue
932 1620 1020 1660 sine
1053 1619 1227 1661 crimine
1259 1621 1359 1674 lusi,

199 1676 257 1717 Et
288 1677 457 1718 laudem
489 1678 538 1718 de
570 1692 636 1718 me
667 1678 810 1718 nullus
843 1678 1007 1718 adulter
1037 1678 1177 1718 habet.

143 1734 236 1783 Quo
269 1735 405 1789 magis
439 1735 641 1789 admiror,
673 1750 779 1789 quae
813 1736 868 1776 sit
899 1736 1053 1777 fiducia
1085 1737 1243 1790 coepti,

88 1804 121 1828 20
201 1791 411 1846 Spemque
443 1793 527 1833 tori
559 1794 719 1834 dederit
752 1808 858 1847 quae
892 1795 971 1834 tibi
1004 1809 1131 1835 eausa
1162 1795 1256 1835 mei.

142 1851 226 1901 An,
259 1851 357 1903 quia
389 1851 475 1891 vim
505 1851 629 1892 nobis
662 1851 903 1905 Neptunius
936 1852 1082 1893 attulit
1113 1852 1257 1905 heros,

199 1908 339 1962 Rapta
373 1909 503 1949 semel
534 1910 678 1950 videor
709 1909 775 1950 bis
809 1924 976 1963 quoque
1009 1910 1137 1965 digna
1168 1910 1289 1965 rapi?

142 1964 312 2006 Crimen
344 1970 433 2007 erat
465 1970 678 2020 nostrum,
710 1967 745 2007 si
778 1967 953 2009 delinita
984 1968 1177 2009 fuissem:

200 2022 307 2064 Cum
339 2024 420 2065 sim
447 2028 589 2078 rapta,
620 2040 762 2066 meum
794 2026 895 2079 quid
925 2026 1008 2067 nisi
1038 2027 1151 2067 nolle
1182 2027 1292 2067 fuit?

88 2093 121 2117 εὖ
142 2081 241 2122 Non
272 2085 415 2122 tamen
447 2097 468 2123 e
499 2083 614 2124 facto
645 2083 832 2124 fructum
862 2084 964 2124 tulit
994 2084 1065 2125 ille
1097 2085 1296 2139 petitum:

199 2139 391 2193 Excepto
423 2140 528 2181 redii
559 2156 685 2194 passa
716 2141 870 2182 timore
901 2142 1019 2183 nihil.

142 2196 296 2238 Oscula
329 2198 509 2238 luctanti
540 2200 843 2240 tantummodo
868 2215 1003 2253 pauca
1033 2205 1256 2255 protervus

199 2255 410 2296 Abstulit:
442 2256 619 2298 ulterius
651 2258 712 2298 nil
744 2257 873 2299 habet
903 2259 975 2299 ille
1007 2260 1100 2300 mei.

141 2311 256 2361 Quae
288 2317 362 2355 tua
392 2314 643 2369 nequitiast,
674 2330 761 2356 non
792 2316 858 2356 his
892 2321 1091 2359 contenta
1122 2318 1290 2359 fuisset:
