1690 2656
206 137 260 178 10
753 136 993 171 AMORUM

262 232 339 273 Ille
372 233 492 274 deam
525 232 686 287 primus
718 231 915 286 perculit:
949 231 1056 273 alter
1088 232 1184 287 ego!

203 290 261 331 Et
293 290 431 332 minus
463 291 534 331 ille
572 305 746 331 nocens:
785 289 908 343 mihi,
947 304 1074 343 quam
1110 290 1343 343 profitebar
1381 305 1539 345 amare,

262 348 461 402 Laesast,
492 349 672 402 Tydides
708 362 856 389 saevus
887 347 932 388 in
962 348 1086 389 hoste
1118 347 1210 389 fuit.

151 406 224 447 351
255 421 385 461 nunc,
416 407 665 461 magnificos
698 406 835 447 victor
866 405 1015 447 molire
1047 406 1306 461 triumphos,

263 463 396 519 Cinge
428 479 593 505 comam
624 464 743 505 lauro
775 467 958 517 votaque
992 464 1117 505 redde
1149 464 1260 518 Iovi,

205 522 403 575 Quaeque
436 526 532 563 tuos
567 537 713 564 currus
747 522 976 563 comitatus
1007 523 1135 563 turba
1167 525 1384 577 sequetur,

238 580 428 621 ·Clamet
468 581 538 620 ‘iol
577 580 679 621 forti
719 579 831 621 victa
862 580 1004 634 puella
1035 580 1200 621 virost3'

204 638 316 679 Ante
350 642 418 679 eat
451 639 582 679 effuso
616 638 753 679 tristis
787 639 955 692 captiva
987 639 1153 693 capillo,

151 707 184 731 40
264 696 308 737 Si
341 696 529 737 sinerent
560 696 717 751 laesae,
749 697 927 738 candida
958 699 1069 751 tota,
1103 710 1244 752 genae.

202 755 357 808 Aptius
390 754 594 808 inpressis
627 755 766 795 fuerat
797 755 926 796 livere
957 754 1124 796 labellis

261 813 319 853 Et
352 813 461 853 collo
495 813 640 853 blandi
673 813 810 854 dentis
843 813 999 854 habere
1031 816 1189 854 notam.

202 870 414 924 Denique,
445 871 481 911 si
513 871 666 911 tumidi
697 871 784 911 ritu
816 871 1020 912 torrentis
1054 872 1229 926 agebar,

262 927 480 981 Caecaque
513 943 578 969 me
611 929 809 982 praedam
848 929 1007 970 fecerat
1036 929 1101 970 ira
1133 944 1269 982 suam,

148 997 183 1022 45
205 986 357 1027 Nonne
391 986 494 1027 satis
526 986 665 1027 fuerat
697 987 871 1028 timidae
903 987 1155 1028 inclamasse
1186 987 1351 1041 puellae

261 1044 351 1086 Nec
381 1044 561 1085 nimium
593 1045 752 1099 rigidas
783 1045 1021 1086 intonuisse
1053 1045 1189 1086 minas

202 1102 292 1143 Aut
323 1102 512 1143 tunicam
545 1117 711 1144 summa
743 1103 945 1144 deducere
978 1103 1161 1157 turpiter
1194 1117 1266 1144 ora

261 1160 329 1201 Ad
360 1161 571 1201 mediam?
604 1161 764 1202 mediae
797 1175 902 1202 zona
932 1161 1102 1202 tulisset
1135 1176 1268 1215 opem.

202 1218 261 1259 At
292 1233 404 1260 nunc
438 1219 621 1259 sustinui
654 1219 787 1273 raptis
821 1234 845 1259 a
876 1219 1016 1260 fronte
1049 1219 1213 1272 capillis

149 1287 183 1311 50
260 1276 440 1317 Ferreus
472 1277 677 1331 ingenuas
711 1291 851 1331 ungue
882 1280 1032 1318 notare
1065 1291 1212 1332 genas:

202 1334 384 1375 Adstitit
415 1335 489 1375 illa
522 1349 665 1375 amens
699 1335 796 1376 albo
829 1338 871 1376 et
904 1335 993 1376 sine
1027 1335 1232 1389 sanguine
1265 1336 1404 1391 vultu,

261 1391 504 1433 Caeduntur
533 1392 670 1434 Pariis
705 1393 846 1447 qualia
878 1408 979 1434 saxa
1009 1393 1140 1448 iugis3

201 1450 423 1491 Exanimis
457 1453 574 1491 artus
608 1454 649 1491 et
682 1451 871 1491 membra
903 1451 1129 1492 trementia
1154 1451 1258 1505 vidi,

260 1507 320 1549 Ut
352 1523 447 1549 cum
478 1509 683 1562 populeas
715 1509 894 1550 ventilat
927 1524 1028 1550 aura
1061 1523 1222 1563 comas,

149 1577 181 1601 55
202 1565 261 1606 Ut
293 1566 378 1606 leni
411 1566 603 1621 Zephyro
638 1567 809 1622 gracilis
841 1567 1034 1608 vibratur
1065 1567 1274 1620 harundo,

262 1623 487 1665 Summave
521 1640 617 1666 cum
649 1625 792 1679 tepido
827 1625 1054 1680 stringitur
1085 1626 1197 1667 unda
1222 1625 1356 1675 Noto;

204 1681 522 1736 Suspensaeque
556 1683 627 1723 diu
658 1683 858 1724 lacrimae
890 1683 1047 1724 fluxere
1079 1698 1154 1737 per
1188 1699 1278 1738 ora,

261 1739 450 1788 Qualiter
483 1741 649 1782 abiecta
681 1741 730 1781 de
761 1741 856 1782 nive
889 1745 1035 1782 manat
1067 1756 1187 1796 aqua.

201 1798 318 1839 Tunc
351 1812 429 1853 ego
463 1813 529 1839 me
561 1799 745 1853 primum
779 1799 898 1853 coepi
931 1800 1087 1840 sentire
1119 1803 1357 1843 nocentem:

149 1867 181 1890 60
261 1854 443 1911 Sanguis
477 1860 567 1897 erat
599 1857 816 1911 lacrimae,
849 1873 951 1911 quas
984 1858 1112 1899 dabat
1142 1858 1234 1913 illa,
1265 1873 1394 1899 meus.

200 1913 281 1954 Ter
312 1917 456 1954 tamen
488 1918 584 1956 ante
616 1916 742 1969 pedes
774 1916 890 1956 volui
920 1916 1198 1970 procumbere
1231 1916 1424 1971 supplex:

259 1971 340 2012 Ter
370 1972 622 2014 formidatas
654 1974 833 2014 rettudit
864 1974 938 2015 illa
970 1989 1130 2015 manus.

200 2028 259 2069 At
291 2032 338 2069 tu
369 2044 419 2069 ne
453 2030 601 2071 dubita
634 2030 814 2085 (minuet
846 2032 1034 2073 vindicta
1066 2030 1274 2086 dolorem)

258 2086 459 2127 Protinus
491 2088 536 2127 in
567 2089 709 2130 vultus
742 2091 956 2145 unguibus
988 2091 1048 2131 ire
1081 2104 1216 2145 meos,

146 2155 180 2180 65
201 2143 290 2185 Nec
322 2145 481 2185 nostris
516 2146 648 2187 oculis
682 2162 758 2188 nec
789 2148 948 2189 nostris
980 2163 1106 2202 parce
1140 2148 1321 2202 capillis:

259 2202 503 2250 Quamlibet
534 2203 723 2245 infirmas
758 2206 930 2247 adiuvat
960 2206 1024 2248 ira
1056 2221 1223 2261 manus3

198 2259 317 2301 Neve
349 2261 432 2301 mei
465 2261 634 2302 sceleris
668 2266 754 2303 tam
787 2264 929 2305 tristia
961 2265 1084 2319 signa
1117 2264 1346 2319 supersint,

256 2317 373 2359 Pone
404 2319 695 2372 reconpositas
727 2320 772 2360 in
804 2322 987 2363 statione
1020 2324 1180 2364 comas!
